{
  "metadata" : {
    "screenerCompanyId" : "213",
    "companyCode" : "506166",
    "companyName" : "Apis India",
    "screenerCompanyLink" : "https://www.screener.in/company/506166/",
    "screenerTechnicalHistoryLink" : "https://www.screener.in/api/company/213/chart/?q=Price-DMA50-DMA200-Volume&days=365",
    "screenerQuarterlyResultsLink" : "https://www.screener.in/api/company/213/chart/?q=GPM-OPM-NPM-Quarter+Sales&days=10000",
    "attributes" : {
      "companyCode" : "506166",
      "companyName" : "Apis India",
      "marketCap" : 1314.00,
      "peRatio" : 57.20,
      "description" : "Incorporated in 1983, APIS India Ltd is in the honey processing business and manufacturing of other edible products[1]"
    },
    "companyScore" : {
      "priceHigherThanDma50" : 5.00,
      "priceHigherThanDma100" : 0.00,
      "priceHigherThanDma200" : 5.00,
      "dma50HigherThanDma100" : 0.00,
      "dma50HigherThanDma200" : 5.00,
      "dma100HigherThanDma200" : 0.00,
      "pricePercentageAboveDma50" : 0.00,
      "pricePercentageAboveDma100" : 0.00,
      "pricePercentageAboveDma200" : 0.00,
      "weeklyVolumeHigherThanYearlyVolume" : 5.00,
      "salesGrowthPercentile" : 13.16,
      "operatingProfitMarginPercentile" : 16.39,
      "netProfitMarginPercentile" : 8.43,
      "totalTechnicalScore" : 20.00,
      "totalFundamentalScore" : 37.98,
      "totalScore" : 57.98
    }
  },
  "attributes" : {
    "companyCode" : "506166",
    "companyName" : "Apis India",
    "marketCap" : 1314.00,
    "peRatio" : 57.20,
    "description" : "Incorporated in 1983, APIS India Ltd is in the honey processing business and manufacturing of other edible products[1]"
  },
  "technicalHistory" : [ {
    "date" : "2025-04-11",
    "price" : 11.22,
    "dma50" : 5.42,
    "dma100" : null,
    "dma200" : 2.42,
    "volume" : 250.00
  }, {
    "date" : "2025-04-16",
    "price" : 11.78,
    "dma50" : 5.67,
    "dma100" : null,
    "dma200" : 2.51,
    "volume" : 625.00
  }, {
    "date" : "2025-07-09",
    "price" : 12.36,
    "dma50" : 5.93,
    "dma100" : null,
    "dma200" : 2.61,
    "volume" : 251.00
  }, {
    "date" : "2025-07-10",
    "price" : 12.98,
    "dma50" : 6.21,
    "dma100" : null,
    "dma200" : 2.71,
    "volume" : 1192459.00
  }, {
    "date" : "2025-07-23",
    "price" : 13.63,
    "dma50" : 6.50,
    "dma100" : null,
    "dma200" : 2.82,
    "volume" : 962375.00
  }, {
    "date" : "2025-07-31",
    "price" : 14.31,
    "dma50" : 6.81,
    "dma100" : null,
    "dma200" : 2.93,
    "volume" : 75025.00
  }, {
    "date" : "2025-08-04",
    "price" : 15.02,
    "dma50" : 7.13,
    "dma100" : null,
    "dma200" : 3.06,
    "volume" : 56315.00
  }, {
    "date" : "2025-08-08",
    "price" : 15.77,
    "dma50" : 7.47,
    "dma100" : null,
    "dma200" : 3.18,
    "volume" : 51.00
  }, {
    "date" : "2025-08-12",
    "price" : 16.56,
    "dma50" : 7.82,
    "dma100" : null,
    "dma200" : 3.31,
    "volume" : 26.00
  }, {
    "date" : "2025-08-13",
    "price" : 17.39,
    "dma50" : 8.20,
    "dma100" : null,
    "dma200" : 3.45,
    "volume" : 25.00
  }, {
    "date" : "2025-08-18",
    "price" : 18.26,
    "dma50" : 8.59,
    "dma100" : null,
    "dma200" : 3.60,
    "volume" : 25.00
  }, {
    "date" : "2025-09-04",
    "price" : 19.17,
    "dma50" : 9.01,
    "dma100" : null,
    "dma200" : 3.76,
    "volume" : 25.00
  }, {
    "date" : "2025-09-08",
    "price" : 20.13,
    "dma50" : 9.44,
    "dma100" : null,
    "dma200" : 3.92,
    "volume" : 25.00
  }, {
    "date" : "2025-09-10",
    "price" : 21.13,
    "dma50" : 9.90,
    "dma100" : null,
    "dma200" : 4.09,
    "volume" : 26.00
  }, {
    "date" : "2025-09-15",
    "price" : 22.19,
    "dma50" : 10.38,
    "dma100" : null,
    "dma200" : 4.27,
    "volume" : 25.00
  }, {
    "date" : "2025-09-18",
    "price" : 23.30,
    "dma50" : 10.89,
    "dma100" : null,
    "dma200" : 4.46,
    "volume" : 25.00
  }, {
    "date" : "2025-09-22",
    "price" : 24.46,
    "dma50" : 11.42,
    "dma100" : null,
    "dma200" : 4.66,
    "volume" : 26.00
  }, {
    "date" : "2025-09-25",
    "price" : 25.68,
    "dma50" : 11.98,
    "dma100" : null,
    "dma200" : 4.87,
    "volume" : 26.00
  }, {
    "date" : "2025-09-26",
    "price" : 26.97,
    "dma50" : 12.57,
    "dma100" : null,
    "dma200" : 5.09,
    "volume" : 25.00
  }, {
    "date" : "2025-10-01",
    "price" : 28.32,
    "dma50" : 13.19,
    "dma100" : null,
    "dma200" : 5.32,
    "volume" : 25.00
  }, {
    "date" : "2025-10-07",
    "price" : 29.73,
    "dma50" : 13.84,
    "dma100" : null,
    "dma200" : 5.56,
    "volume" : 25.00
  }, {
    "date" : "2025-10-08",
    "price" : 31.22,
    "dma50" : 14.52,
    "dma100" : null,
    "dma200" : 5.82,
    "volume" : 25.00
  }, {
    "date" : "2025-10-14",
    "price" : 32.78,
    "dma50" : 15.23,
    "dma100" : null,
    "dma200" : 6.09,
    "volume" : 25.00
  }, {
    "date" : "2025-10-15",
    "price" : 34.41,
    "dma50" : 15.99,
    "dma100" : null,
    "dma200" : 6.37,
    "volume" : 26.00
  }, {
    "date" : "2025-10-21",
    "price" : 36.13,
    "dma50" : 16.78,
    "dma100" : null,
    "dma200" : 6.66,
    "volume" : 26.00
  }, {
    "date" : "2025-10-29",
    "price" : 37.94,
    "dma50" : 17.61,
    "dma100" : null,
    "dma200" : 6.98,
    "volume" : 25.00
  }, {
    "date" : "2025-11-04",
    "price" : 39.84,
    "dma50" : 18.48,
    "dma100" : null,
    "dma200" : 7.30,
    "volume" : 25.00
  }, {
    "date" : "2025-11-07",
    "price" : 41.83,
    "dma50" : 19.39,
    "dma100" : null,
    "dma200" : 7.65,
    "volume" : 25.00
  }, {
    "date" : "2025-11-18",
    "price" : 43.92,
    "dma50" : 20.36,
    "dma100" : null,
    "dma200" : 8.01,
    "volume" : 25.00
  }, {
    "date" : "2025-12-01",
    "price" : 46.11,
    "dma50" : 21.37,
    "dma100" : null,
    "dma200" : 8.39,
    "volume" : 50.00
  }, {
    "date" : "2025-12-09",
    "price" : 48.40,
    "dma50" : 22.43,
    "dma100" : null,
    "dma200" : 8.78,
    "volume" : 1.00
  }, {
    "date" : "2025-12-10",
    "price" : 50.80,
    "dma50" : 23.54,
    "dma100" : null,
    "dma200" : 9.20,
    "volume" : 2.00
  }, {
    "date" : "2025-12-16",
    "price" : 53.30,
    "dma50" : 24.71,
    "dma100" : null,
    "dma200" : 9.64,
    "volume" : 1.00
  }, {
    "date" : "2025-12-18",
    "price" : 55.95,
    "dma50" : 25.93,
    "dma100" : null,
    "dma200" : 10.10,
    "volume" : 1.00
  }, {
    "date" : "2025-12-19",
    "price" : 58.70,
    "dma50" : 27.22,
    "dma100" : null,
    "dma200" : 10.59,
    "volume" : 2.00
  }, {
    "date" : "2025-12-22",
    "price" : 61.60,
    "dma50" : 28.56,
    "dma100" : null,
    "dma200" : 11.09,
    "volume" : 275444.00
  }, {
    "date" : "2025-12-23",
    "price" : 64.65,
    "dma50" : 29.98,
    "dma100" : null,
    "dma200" : 11.63,
    "volume" : 100.00
  }, {
    "date" : "2025-12-24",
    "price" : 67.85,
    "dma50" : 31.46,
    "dma100" : null,
    "dma200" : 12.19,
    "volume" : 10.00
  }, {
    "date" : "2025-12-26",
    "price" : 71.20,
    "dma50" : 33.02,
    "dma100" : null,
    "dma200" : 12.77,
    "volume" : 21.00
  }, {
    "date" : "2025-12-29",
    "price" : 74.75,
    "dma50" : 34.66,
    "dma100" : null,
    "dma200" : 13.39,
    "volume" : 10.00
  }, {
    "date" : "2025-12-30",
    "price" : 78.45,
    "dma50" : 36.38,
    "dma100" : null,
    "dma200" : 14.04,
    "volume" : 500.00
  }, {
    "date" : "2025-12-31",
    "price" : 82.35,
    "dma50" : 38.18,
    "dma100" : null,
    "dma200" : 14.72,
    "volume" : 80.00
  }, {
    "date" : "2026-01-01",
    "price" : 79.23,
    "dma50" : 39.79,
    "dma100" : null,
    "dma200" : 15.36,
    "volume" : 1139739.00
  }, {
    "date" : "2026-01-02",
    "price" : 82.48,
    "dma50" : 41.46,
    "dma100" : null,
    "dma200" : 16.03,
    "volume" : 218789.00
  }, {
    "date" : "2026-01-05",
    "price" : 86.60,
    "dma50" : 43.23,
    "dma100" : null,
    "dma200" : 16.73,
    "volume" : 183494.00
  }, {
    "date" : "2026-01-06",
    "price" : 90.93,
    "dma50" : 45.10,
    "dma100" : null,
    "dma200" : 17.47,
    "volume" : 13286.00
  }, {
    "date" : "2026-01-07",
    "price" : 95.40,
    "dma50" : 47.08,
    "dma100" : null,
    "dma200" : 18.24,
    "volume" : 555552.00
  } ],
  "latestTechnicalAttributes" : {
    "date" : "2026-01-07",
    "price" : 95.40,
    "dma50" : 47.08,
    "dma100" : null,
    "dma200" : 18.24,
    "volume" : 555552.00
  },
  "quarterlyResults" : [ {
    "date" : "2005-03-31",
    "sales" : 0.00,
    "salesGrowthYoY" : null,
    "grossProfitMargin" : 0.00,
    "grossProfit" : 0.00,
    "operatingProfitMargin" : 0.00,
    "operatingProfit" : 0.00,
    "netProfitMargin" : 0.00,
    "netProfit" : 0.00
  }, {
    "date" : "2005-06-30",
    "sales" : 0.00,
    "salesGrowthYoY" : null,
    "grossProfitMargin" : 0.00,
    "grossProfit" : 0.00,
    "operatingProfitMargin" : 0.00,
    "operatingProfit" : 0.00,
    "netProfitMargin" : 0.00,
    "netProfit" : 0.00
  }, {
    "date" : "2005-09-30",
    "sales" : 0.00,
    "salesGrowthYoY" : null,
    "grossProfitMargin" : 0.00,
    "grossProfit" : 0.00,
    "operatingProfitMargin" : 0.00,
    "operatingProfit" : 0.00,
    "netProfitMargin" : 0.00,
    "netProfit" : 0.00
  }, {
    "date" : "2005-12-31",
    "sales" : 0.00,
    "salesGrowthYoY" : null,
    "grossProfitMargin" : 0.00,
    "grossProfit" : 0.00,
    "operatingProfitMargin" : 0.00,
    "operatingProfit" : 0.00,
    "netProfitMargin" : 0.00,
    "netProfit" : 0.00
  }, {
    "date" : "2006-03-31",
    "sales" : 0.00,
    "salesGrowthYoY" : 0.00,
    "grossProfitMargin" : 0.00,
    "grossProfit" : 0.00,
    "operatingProfitMargin" : 0.00,
    "operatingProfit" : 0.00,
    "netProfitMargin" : 0.00,
    "netProfit" : 0.00
  }, {
    "date" : "2006-06-30",
    "sales" : 0.00,
    "salesGrowthYoY" : 0.00,
    "grossProfitMargin" : 0.00,
    "grossProfit" : 0.00,
    "operatingProfitMargin" : 0.00,
    "operatingProfit" : 0.00,
    "netProfitMargin" : 0.00,
    "netProfit" : 0.00
  }, {
    "date" : "2006-09-30",
    "sales" : 0.00,
    "salesGrowthYoY" : 0.00,
    "grossProfitMargin" : 0.00,
    "grossProfit" : 0.00,
    "operatingProfitMargin" : 0.00,
    "operatingProfit" : 0.00,
    "netProfitMargin" : 0.00,
    "netProfit" : 0.00
  }, {
    "date" : "2006-12-31",
    "sales" : 0.00,
    "salesGrowthYoY" : 0.00,
    "grossProfitMargin" : 0.00,
    "grossProfit" : 0.00,
    "operatingProfitMargin" : 0.00,
    "operatingProfit" : 0.00,
    "netProfitMargin" : 0.00,
    "netProfit" : 0.00
  }, {
    "date" : "2007-03-31",
    "sales" : 0.00,
    "salesGrowthYoY" : 0.00,
    "grossProfitMargin" : 0.00,
    "grossProfit" : 0.00,
    "operatingProfitMargin" : 0.00,
    "operatingProfit" : 0.00,
    "netProfitMargin" : 0.00,
    "netProfit" : 0.00
  }, {
    "date" : "2007-06-30",
    "sales" : 0.00,
    "salesGrowthYoY" : 0.00,
    "grossProfitMargin" : 0.00,
    "grossProfit" : 0.00,
    "operatingProfitMargin" : 0.00,
    "operatingProfit" : 0.00,
    "netProfitMargin" : 0.00,
    "netProfit" : 0.00
  }, {
    "date" : "2007-09-30",
    "sales" : 0.00,
    "salesGrowthYoY" : 0.00,
    "grossProfitMargin" : 0.00,
    "grossProfit" : 0.00,
    "operatingProfitMargin" : 0.00,
    "operatingProfit" : 0.00,
    "netProfitMargin" : 0.00,
    "netProfit" : 0.00
  }, {
    "date" : "2007-12-31",
    "sales" : 0.00,
    "salesGrowthYoY" : 0.00,
    "grossProfitMargin" : 0.00,
    "grossProfit" : 0.00,
    "operatingProfitMargin" : 0.00,
    "operatingProfit" : 0.00,
    "netProfitMargin" : 0.00,
    "netProfit" : 0.00
  }, {
    "date" : "2008-03-31",
    "sales" : 13.55,
    "salesGrowthYoY" : 100.00,
    "grossProfitMargin" : 10.48,
    "grossProfit" : 1.42,
    "operatingProfitMargin" : 6.27,
    "operatingProfit" : 0.85,
    "netProfitMargin" : 5.46,
    "netProfit" : 0.74
  }, {
    "date" : "2008-06-30",
    "sales" : 9.60,
    "salesGrowthYoY" : 100.00,
    "grossProfitMargin" : 19.38,
    "grossProfit" : 1.86,
    "operatingProfitMargin" : 6.04,
    "operatingProfit" : 0.58,
    "netProfitMargin" : 4.69,
    "netProfit" : 0.45
  }, {
    "date" : "2008-09-30",
    "sales" : 8.54,
    "salesGrowthYoY" : 100.00,
    "grossProfitMargin" : 27.52,
    "grossProfit" : 2.35,
    "operatingProfitMargin" : 9.72,
    "operatingProfit" : 0.83,
    "netProfitMargin" : 5.74,
    "netProfit" : 0.49
  }, {
    "date" : "2008-12-31",
    "sales" : 10.98,
    "salesGrowthYoY" : 100.00,
    "grossProfitMargin" : 17.49,
    "grossProfit" : 1.92,
    "operatingProfitMargin" : 7.65,
    "operatingProfit" : 0.84,
    "netProfitMargin" : 3.55,
    "netProfit" : 0.39
  }, {
    "date" : "2009-03-31",
    "sales" : 27.21,
    "salesGrowthYoY" : 100.81,
    "grossProfitMargin" : 8.05,
    "grossProfit" : 2.19,
    "operatingProfitMargin" : 1.10,
    "operatingProfit" : 0.30,
    "netProfitMargin" : 0.66,
    "netProfit" : 0.18
  }, {
    "date" : "2009-06-30",
    "sales" : 11.72,
    "salesGrowthYoY" : 22.08,
    "grossProfitMargin" : 11.26,
    "grossProfit" : 1.32,
    "operatingProfitMargin" : 2.82,
    "operatingProfit" : 0.33,
    "netProfitMargin" : 0.68,
    "netProfit" : 0.08
  }, {
    "date" : "2009-09-30",
    "sales" : 9.55,
    "salesGrowthYoY" : 11.83,
    "grossProfitMargin" : 4.82,
    "grossProfit" : 0.46,
    "operatingProfitMargin" : -6.39,
    "operatingProfit" : -0.61,
    "netProfitMargin" : -9.53,
    "netProfit" : -0.91
  }, {
    "date" : "2009-12-31",
    "sales" : 10.12,
    "salesGrowthYoY" : -7.83,
    "grossProfitMargin" : 22.33,
    "grossProfit" : 2.26,
    "operatingProfitMargin" : 7.21,
    "operatingProfit" : 0.73,
    "netProfitMargin" : 4.64,
    "netProfit" : 0.47
  }, {
    "date" : "2010-03-31",
    "sales" : 27.04,
    "salesGrowthYoY" : -0.62,
    "grossProfitMargin" : 12.24,
    "grossProfit" : 3.31,
    "operatingProfitMargin" : 8.17,
    "operatingProfit" : 2.21,
    "netProfitMargin" : 6.62,
    "netProfit" : 1.79
  }, {
    "date" : "2010-06-30",
    "sales" : 13.44,
    "salesGrowthYoY" : 14.68,
    "grossProfitMargin" : 19.12,
    "grossProfit" : 2.57,
    "operatingProfitMargin" : 10.04,
    "operatingProfit" : 1.35,
    "netProfitMargin" : 6.25,
    "netProfit" : 0.84
  }, {
    "date" : "2010-09-30",
    "sales" : 7.82,
    "salesGrowthYoY" : -18.12,
    "grossProfitMargin" : 17.26,
    "grossProfit" : 1.35,
    "operatingProfitMargin" : 6.78,
    "operatingProfit" : 0.53,
    "netProfitMargin" : -0.90,
    "netProfit" : -0.07
  }, {
    "date" : "2010-12-31",
    "sales" : 4.78,
    "salesGrowthYoY" : -52.77,
    "grossProfitMargin" : 4.39,
    "grossProfit" : 0.21,
    "operatingProfitMargin" : -14.23,
    "operatingProfit" : -0.68,
    "netProfitMargin" : -19.87,
    "netProfit" : -0.95
  }, {
    "date" : "2011-03-31",
    "sales" : 36.00,
    "salesGrowthYoY" : 33.14,
    "grossProfitMargin" : 10.44,
    "grossProfit" : 3.76,
    "operatingProfitMargin" : 4.97,
    "operatingProfit" : 1.79,
    "netProfitMargin" : 2.92,
    "netProfit" : 1.05
  }, {
    "date" : "2011-06-30",
    "sales" : 19.76,
    "salesGrowthYoY" : 47.02,
    "grossProfitMargin" : 14.57,
    "grossProfit" : 2.88,
    "operatingProfitMargin" : 8.96,
    "operatingProfit" : 1.77,
    "netProfitMargin" : 5.01,
    "netProfit" : 0.99
  }, {
    "date" : "2011-09-30",
    "sales" : 14.63,
    "salesGrowthYoY" : 87.08,
    "grossProfitMargin" : 12.10,
    "grossProfit" : 1.77,
    "operatingProfitMargin" : 3.55,
    "operatingProfit" : 0.52,
    "netProfitMargin" : -0.21,
    "netProfit" : -0.03
  }, {
    "date" : "2011-12-31",
    "sales" : 16.23,
    "salesGrowthYoY" : 239.54,
    "grossProfitMargin" : 7.09,
    "grossProfit" : 1.15,
    "operatingProfitMargin" : 0.86,
    "operatingProfit" : 0.14,
    "netProfitMargin" : 0.68,
    "netProfit" : 0.11
  }, {
    "date" : "2012-03-31",
    "sales" : 20.90,
    "salesGrowthYoY" : -41.94,
    "grossProfitMargin" : 7.66,
    "grossProfit" : 1.60,
    "operatingProfitMargin" : 2.54,
    "operatingProfit" : 0.53,
    "netProfitMargin" : -0.19,
    "netProfit" : -0.04
  }, {
    "date" : "2012-06-30",
    "sales" : 22.30,
    "salesGrowthYoY" : 12.85,
    "grossProfitMargin" : 14.17,
    "grossProfit" : 3.16,
    "operatingProfitMargin" : 7.94,
    "operatingProfit" : 1.77,
    "netProfitMargin" : 3.86,
    "netProfit" : 0.86
  }, {
    "date" : "2012-09-30",
    "sales" : 25.94,
    "salesGrowthYoY" : 77.31,
    "grossProfitMargin" : 73.79,
    "grossProfit" : 19.14,
    "operatingProfitMargin" : 6.94,
    "operatingProfit" : 1.80,
    "netProfitMargin" : 5.51,
    "netProfit" : 1.43
  }, {
    "date" : "2012-12-31",
    "sales" : 8.32,
    "salesGrowthYoY" : -48.74,
    "grossProfitMargin" : 30.41,
    "grossProfit" : 2.53,
    "operatingProfitMargin" : 18.63,
    "operatingProfit" : 1.55,
    "netProfitMargin" : 12.74,
    "netProfit" : 1.06
  }, {
    "date" : "2013-03-31",
    "sales" : 20.44,
    "salesGrowthYoY" : -2.20,
    "grossProfitMargin" : 37.18,
    "grossProfit" : 7.60,
    "operatingProfitMargin" : 21.67,
    "operatingProfit" : 4.43,
    "netProfitMargin" : 13.85,
    "netProfit" : 2.83
  }, {
    "date" : "2013-06-30",
    "sales" : 25.70,
    "salesGrowthYoY" : 15.25,
    "grossProfitMargin" : 34.94,
    "grossProfit" : 8.98,
    "operatingProfitMargin" : 24.71,
    "operatingProfit" : 6.35,
    "netProfitMargin" : 21.25,
    "netProfit" : 5.46
  }, {
    "date" : "2013-09-30",
    "sales" : 22.57,
    "salesGrowthYoY" : -12.99,
    "grossProfitMargin" : 35.05,
    "grossProfit" : 7.91,
    "operatingProfitMargin" : 18.74,
    "operatingProfit" : 4.23,
    "netProfitMargin" : 14.93,
    "netProfit" : 3.37
  }, {
    "date" : "2013-12-31",
    "sales" : 21.54,
    "salesGrowthYoY" : 158.89,
    "grossProfitMargin" : 18.76,
    "grossProfit" : 4.04,
    "operatingProfitMargin" : 5.20,
    "operatingProfit" : 1.12,
    "netProfitMargin" : 0.32,
    "netProfit" : 0.07
  }, {
    "date" : "2014-03-31",
    "sales" : 32.22,
    "salesGrowthYoY" : 57.63,
    "grossProfitMargin" : 19.89,
    "grossProfit" : 6.41,
    "operatingProfitMargin" : 8.01,
    "operatingProfit" : 2.58,
    "netProfitMargin" : 0.47,
    "netProfit" : 0.15
  }, {
    "date" : "2014-06-30",
    "sales" : 20.23,
    "salesGrowthYoY" : -21.28,
    "grossProfitMargin" : 26.45,
    "grossProfit" : 5.35,
    "operatingProfitMargin" : 14.58,
    "operatingProfit" : 2.95,
    "netProfitMargin" : 7.61,
    "netProfit" : 1.54
  }, {
    "date" : "2014-09-30",
    "sales" : 21.66,
    "salesGrowthYoY" : -4.03,
    "grossProfitMargin" : 27.56,
    "grossProfit" : 5.97,
    "operatingProfitMargin" : 14.13,
    "operatingProfit" : 3.06,
    "netProfitMargin" : 6.60,
    "netProfit" : 1.43
  }, {
    "date" : "2014-12-31",
    "sales" : 26.56,
    "salesGrowthYoY" : 23.31,
    "grossProfitMargin" : 25.64,
    "grossProfit" : 6.81,
    "operatingProfitMargin" : 13.67,
    "operatingProfit" : 3.63,
    "netProfitMargin" : 5.01,
    "netProfit" : 1.33
  }, {
    "date" : "2015-03-31",
    "sales" : 50.23,
    "salesGrowthYoY" : 55.90,
    "grossProfitMargin" : 26.84,
    "grossProfit" : 13.48,
    "operatingProfitMargin" : 13.82,
    "operatingProfit" : 6.94,
    "netProfitMargin" : 8.54,
    "netProfit" : 4.29
  }, {
    "date" : "2015-06-30",
    "sales" : 31.56,
    "salesGrowthYoY" : 56.01,
    "grossProfitMargin" : 22.28,
    "grossProfit" : 7.03,
    "operatingProfitMargin" : 11.60,
    "operatingProfit" : 3.66,
    "netProfitMargin" : 6.78,
    "netProfit" : 2.14
  }, {
    "date" : "2015-09-30",
    "sales" : 41.64,
    "salesGrowthYoY" : 92.24,
    "grossProfitMargin" : 22.26,
    "grossProfit" : 9.27,
    "operatingProfitMargin" : 13.30,
    "operatingProfit" : 5.54,
    "netProfitMargin" : 10.06,
    "netProfit" : 4.19
  }, {
    "date" : "2015-12-31",
    "sales" : 35.27,
    "salesGrowthYoY" : 32.79,
    "grossProfitMargin" : 24.89,
    "grossProfit" : 8.78,
    "operatingProfitMargin" : 13.95,
    "operatingProfit" : 4.92,
    "netProfitMargin" : 8.56,
    "netProfit" : 3.02
  }, {
    "date" : "2016-03-31",
    "sales" : 44.71,
    "salesGrowthYoY" : -10.99,
    "grossProfitMargin" : 22.01,
    "grossProfit" : 9.84,
    "operatingProfitMargin" : 7.49,
    "operatingProfit" : 3.35,
    "netProfitMargin" : 3.13,
    "netProfit" : 1.40
  }, {
    "date" : "2016-06-30",
    "sales" : 36.29,
    "salesGrowthYoY" : 14.99,
    "grossProfitMargin" : 24.88,
    "grossProfit" : 9.03,
    "operatingProfitMargin" : 13.09,
    "operatingProfit" : 4.75,
    "netProfitMargin" : 10.64,
    "netProfit" : 3.86
  }, {
    "date" : "2016-09-30",
    "sales" : 41.01,
    "salesGrowthYoY" : -1.51,
    "grossProfitMargin" : 22.75,
    "grossProfit" : 9.33,
    "operatingProfitMargin" : 6.58,
    "operatingProfit" : 2.70,
    "netProfitMargin" : 3.71,
    "netProfit" : 1.52
  }, {
    "date" : "2016-12-31",
    "sales" : 36.22,
    "salesGrowthYoY" : 2.69,
    "grossProfitMargin" : 33.27,
    "grossProfit" : 12.05,
    "operatingProfitMargin" : 10.52,
    "operatingProfit" : 3.81,
    "netProfitMargin" : 7.76,
    "netProfit" : 2.81
  }, {
    "date" : "2017-03-31",
    "sales" : 49.23,
    "salesGrowthYoY" : 10.11,
    "grossProfitMargin" : 42.01,
    "grossProfit" : 20.68,
    "operatingProfitMargin" : 11.15,
    "operatingProfit" : 5.49,
    "netProfitMargin" : 4.67,
    "netProfit" : 2.30
  }, {
    "date" : "2017-06-30",
    "sales" : 40.97,
    "salesGrowthYoY" : 12.90,
    "grossProfitMargin" : 31.66,
    "grossProfit" : 12.97,
    "operatingProfitMargin" : 8.47,
    "operatingProfit" : 3.47,
    "netProfitMargin" : 6.35,
    "netProfit" : 2.60
  }, {
    "date" : "2017-09-30",
    "sales" : 47.17,
    "salesGrowthYoY" : 15.02,
    "grossProfitMargin" : 31.14,
    "grossProfit" : 14.69,
    "operatingProfitMargin" : 8.93,
    "operatingProfit" : 4.21,
    "netProfitMargin" : 4.41,
    "netProfit" : 2.08
  }, {
    "date" : "2017-12-31",
    "sales" : 50.78,
    "salesGrowthYoY" : 40.20,
    "grossProfitMargin" : 39.52,
    "grossProfit" : 20.07,
    "operatingProfitMargin" : 9.02,
    "operatingProfit" : 4.58,
    "netProfitMargin" : 5.10,
    "netProfit" : 2.59
  }, {
    "date" : "2018-03-31",
    "sales" : 56.71,
    "salesGrowthYoY" : 15.19,
    "grossProfitMargin" : 39.85,
    "grossProfit" : 22.60,
    "operatingProfitMargin" : 12.82,
    "operatingProfit" : 7.27,
    "netProfitMargin" : 7.62,
    "netProfit" : 4.32
  }, {
    "date" : "2018-06-30",
    "sales" : 46.58,
    "salesGrowthYoY" : 13.69,
    "grossProfitMargin" : 38.54,
    "grossProfit" : 17.95,
    "operatingProfitMargin" : 7.43,
    "operatingProfit" : 3.46,
    "netProfitMargin" : 4.14,
    "netProfit" : 1.93
  }, {
    "date" : "2018-09-30",
    "sales" : 48.55,
    "salesGrowthYoY" : 2.93,
    "grossProfitMargin" : 41.71,
    "grossProfit" : 20.25,
    "operatingProfitMargin" : 6.39,
    "operatingProfit" : 3.10,
    "netProfitMargin" : 3.13,
    "netProfit" : 1.52
  }, {
    "date" : "2018-12-31",
    "sales" : 61.84,
    "salesGrowthYoY" : 21.78,
    "grossProfitMargin" : 45.49,
    "grossProfit" : 28.13,
    "operatingProfitMargin" : 8.59,
    "operatingProfit" : 5.31,
    "netProfitMargin" : 5.16,
    "netProfit" : 3.19
  }, {
    "date" : "2019-03-31",
    "sales" : 67.75,
    "salesGrowthYoY" : 19.47,
    "grossProfitMargin" : 53.49,
    "grossProfit" : 36.24,
    "operatingProfitMargin" : 9.59,
    "operatingProfit" : 6.50,
    "netProfitMargin" : 3.81,
    "netProfit" : 2.58
  }, {
    "date" : "2019-06-30",
    "sales" : 43.91,
    "salesGrowthYoY" : -5.73,
    "grossProfitMargin" : 42.04,
    "grossProfit" : 18.46,
    "operatingProfitMargin" : 5.22,
    "operatingProfit" : 2.29,
    "netProfitMargin" : 1.34,
    "netProfit" : 0.59
  }, {
    "date" : "2019-09-30",
    "sales" : 55.54,
    "salesGrowthYoY" : 14.40,
    "grossProfitMargin" : 37.90,
    "grossProfit" : 21.05,
    "operatingProfitMargin" : 3.46,
    "operatingProfit" : 1.92,
    "netProfitMargin" : 0.31,
    "netProfit" : 0.17
  }, {
    "date" : "2019-12-31",
    "sales" : 51.57,
    "salesGrowthYoY" : -16.61,
    "grossProfitMargin" : 44.48,
    "grossProfit" : 22.94,
    "operatingProfitMargin" : 2.93,
    "operatingProfit" : 1.51,
    "netProfitMargin" : 0.02,
    "netProfit" : 0.01
  }, {
    "date" : "2020-03-31",
    "sales" : 58.85,
    "salesGrowthYoY" : -13.14,
    "grossProfitMargin" : 56.65,
    "grossProfit" : 33.34,
    "operatingProfitMargin" : 9.58,
    "operatingProfit" : 5.64,
    "netProfitMargin" : 2.65,
    "netProfit" : 1.56
  }, {
    "date" : "2020-06-30",
    "sales" : 63.36,
    "salesGrowthYoY" : 44.30,
    "grossProfitMargin" : 36.51,
    "grossProfit" : 23.13,
    "operatingProfitMargin" : 9.01,
    "operatingProfit" : 5.71,
    "netProfitMargin" : 4.89,
    "netProfit" : 3.10
  }, {
    "date" : "2020-09-30",
    "sales" : 71.96,
    "salesGrowthYoY" : 29.56,
    "grossProfitMargin" : 35.94,
    "grossProfit" : 25.86,
    "operatingProfitMargin" : 6.71,
    "operatingProfit" : 4.83,
    "netProfitMargin" : 2.81,
    "netProfit" : 2.02
  }, {
    "date" : "2020-12-31",
    "sales" : 74.84,
    "salesGrowthYoY" : 45.12,
    "grossProfitMargin" : 36.28,
    "grossProfit" : 27.15,
    "operatingProfitMargin" : 3.85,
    "operatingProfit" : 2.88,
    "netProfitMargin" : 1.03,
    "netProfit" : 0.77
  }, {
    "date" : "2021-03-31",
    "sales" : 63.19,
    "salesGrowthYoY" : 7.37,
    "grossProfitMargin" : 49.42,
    "grossProfit" : 31.23,
    "operatingProfitMargin" : 3.15,
    "operatingProfit" : 1.99,
    "netProfitMargin" : 0.06,
    "netProfit" : 0.04
  }, {
    "date" : "2021-06-30",
    "sales" : 77.06,
    "salesGrowthYoY" : 21.62,
    "grossProfitMargin" : 33.45,
    "grossProfit" : 25.78,
    "operatingProfitMargin" : 5.33,
    "operatingProfit" : 4.11,
    "netProfitMargin" : 2.05,
    "netProfit" : 1.58
  }, {
    "date" : "2021-09-30",
    "sales" : 57.00,
    "salesGrowthYoY" : -20.79,
    "grossProfitMargin" : 42.84,
    "grossProfit" : 24.42,
    "operatingProfitMargin" : 5.16,
    "operatingProfit" : 2.94,
    "netProfitMargin" : 0.91,
    "netProfit" : 0.52
  }, {
    "date" : "2021-12-31",
    "sales" : 66.44,
    "salesGrowthYoY" : -11.22,
    "grossProfitMargin" : 37.13,
    "grossProfit" : 24.67,
    "operatingProfitMargin" : 9.23,
    "operatingProfit" : 6.13,
    "netProfitMargin" : 4.29,
    "netProfit" : 2.85
  }, {
    "date" : "2022-03-31",
    "sales" : 94.72,
    "salesGrowthYoY" : 49.90,
    "grossProfitMargin" : 33.64,
    "grossProfit" : 31.86,
    "operatingProfitMargin" : 5.68,
    "operatingProfit" : 5.38,
    "netProfitMargin" : 1.11,
    "netProfit" : 1.05
  }, {
    "date" : "2022-06-30",
    "sales" : 68.15,
    "salesGrowthYoY" : -11.56,
    "grossProfitMargin" : 25.62,
    "grossProfit" : 17.46,
    "operatingProfitMargin" : 1.97,
    "operatingProfit" : 1.34,
    "netProfitMargin" : -0.91,
    "netProfit" : -0.62
  }, {
    "date" : "2022-09-30",
    "sales" : 98.63,
    "salesGrowthYoY" : 73.04,
    "grossProfitMargin" : 27.83,
    "grossProfit" : 27.45,
    "operatingProfitMargin" : 8.87,
    "operatingProfit" : 8.75,
    "netProfitMargin" : 4.39,
    "netProfit" : 4.33
  }, {
    "date" : "2022-12-31",
    "sales" : 88.18,
    "salesGrowthYoY" : 32.72,
    "grossProfitMargin" : 32.43,
    "grossProfit" : 28.60,
    "operatingProfitMargin" : 7.09,
    "operatingProfit" : 6.25,
    "netProfitMargin" : 3.16,
    "netProfit" : 2.79
  }, {
    "date" : "2023-03-31",
    "sales" : 77.01,
    "salesGrowthYoY" : -18.70,
    "grossProfitMargin" : 40.90,
    "grossProfit" : 31.50,
    "operatingProfitMargin" : 7.57,
    "operatingProfit" : 5.83,
    "netProfitMargin" : 1.92,
    "netProfit" : 1.48
  }, {
    "date" : "2023-06-30",
    "sales" : 78.92,
    "salesGrowthYoY" : 15.80,
    "grossProfitMargin" : 35.85,
    "grossProfit" : 28.29,
    "operatingProfitMargin" : 10.58,
    "operatingProfit" : 8.35,
    "netProfitMargin" : 5.55,
    "netProfit" : 4.38
  }, {
    "date" : "2023-09-30",
    "sales" : 79.08,
    "salesGrowthYoY" : -19.82,
    "grossProfitMargin" : 40.52,
    "grossProfit" : 32.04,
    "operatingProfitMargin" : 9.24,
    "operatingProfit" : 7.31,
    "netProfitMargin" : 5.08,
    "netProfit" : 4.02
  }, {
    "date" : "2023-12-31",
    "sales" : 79.09,
    "salesGrowthYoY" : -10.31,
    "grossProfitMargin" : 40.18,
    "grossProfit" : 31.78,
    "operatingProfitMargin" : 16.39,
    "operatingProfit" : 12.96,
    "netProfitMargin" : 14.60,
    "netProfit" : 11.55
  }, {
    "date" : "2024-03-31",
    "sales" : 78.99,
    "salesGrowthYoY" : 2.57,
    "grossProfitMargin" : 45.90,
    "grossProfit" : 36.26,
    "operatingProfitMargin" : 7.34,
    "operatingProfit" : 5.80,
    "netProfitMargin" : 3.00,
    "netProfit" : 2.37
  }, {
    "date" : "2024-06-30",
    "sales" : 87.08,
    "salesGrowthYoY" : 10.34,
    "grossProfitMargin" : 37.43,
    "grossProfit" : 32.59,
    "operatingProfitMargin" : 8.31,
    "operatingProfit" : 7.24,
    "netProfitMargin" : 4.49,
    "netProfit" : 3.91
  }, {
    "date" : "2024-09-30",
    "sales" : 80.43,
    "salesGrowthYoY" : 1.71,
    "grossProfitMargin" : 44.78,
    "grossProfit" : 36.02,
    "operatingProfitMargin" : 11.10,
    "operatingProfit" : 8.93,
    "netProfitMargin" : 6.73,
    "netProfit" : 5.41
  }, {
    "date" : "2024-12-31",
    "sales" : 92.68,
    "salesGrowthYoY" : 17.18,
    "grossProfitMargin" : 30.52,
    "grossProfit" : 28.29,
    "operatingProfitMargin" : 9.29,
    "operatingProfit" : 8.61,
    "netProfitMargin" : 5.32,
    "netProfit" : 4.93
  }, {
    "date" : "2025-03-31",
    "sales" : 90.16,
    "salesGrowthYoY" : 14.14,
    "grossProfitMargin" : 38.70,
    "grossProfit" : 34.89,
    "operatingProfitMargin" : 12.13,
    "operatingProfit" : 10.94,
    "netProfitMargin" : 7.66,
    "netProfit" : 6.91
  }, {
    "date" : "2025-06-30",
    "sales" : 86.86,
    "salesGrowthYoY" : -0.25,
    "grossProfitMargin" : 38.68,
    "grossProfit" : 33.60,
    "operatingProfitMargin" : 7.91,
    "operatingProfit" : 6.87,
    "netProfitMargin" : 4.62,
    "netProfit" : 4.01
  }, {
    "date" : "2025-09-30",
    "sales" : 96.25,
    "salesGrowthYoY" : 19.67,
    "grossProfitMargin" : 40.08,
    "grossProfit" : 38.58,
    "operatingProfitMargin" : 11.49,
    "operatingProfit" : 11.06,
    "netProfitMargin" : 7.42,
    "netProfit" : 7.14
  } ],
  "latestQuarterlyResult" : {
    "date" : "2025-09-30",
    "sales" : 96.25,
    "salesGrowthYoY" : 19.67,
    "grossProfitMargin" : 40.08,
    "grossProfit" : 38.58,
    "operatingProfitMargin" : 11.49,
    "operatingProfit" : 11.06,
    "netProfitMargin" : 7.42,
    "netProfit" : 7.14
  },
  "companyScore" : {
    "priceHigherThanDma50" : 5.00,
    "priceHigherThanDma100" : 0.00,
    "priceHigherThanDma200" : 5.00,
    "dma50HigherThanDma100" : 0.00,
    "dma50HigherThanDma200" : 5.00,
    "dma100HigherThanDma200" : 0.00,
    "pricePercentageAboveDma50" : 0.00,
    "pricePercentageAboveDma100" : 0.00,
    "pricePercentageAboveDma200" : 0.00,
    "weeklyVolumeHigherThanYearlyVolume" : 5.00,
    "salesGrowthPercentile" : 13.16,
    "operatingProfitMarginPercentile" : 16.39,
    "netProfitMarginPercentile" : 8.43,
    "totalTechnicalScore" : 20.00,
    "totalFundamentalScore" : 37.98,
    "totalScore" : 57.98
  }
}