{
  "metadata" : {
    "screenerCompanyId" : "1269639",
    "companyCode" : "530929",
    "companyName" : "RRP Defense",
    "screenerCompanyLink" : "https://www.screener.in/company/530929",
    "screenerTechnicalHistoryLink" : "https://www.screener.in/api/company/1269639/chart/?q=Price-DMA50-DMA200-Volume&days=365",
    "screenerQuarterlyResultsLink" : "https://www.screener.in/api/company/1269639/chart/?q=GPM-OPM-NPM-Quarter+Sales&days=10000",
    "attributes" : {
      "companyCode" : "530929",
      "companyName" : "RRP Defense",
      "marketCap" : 1284.00,
      "peRatio" : 514.00,
      "description" : "Incorporated in 1981, Euro Asia Exports Ltd does trading and exports of various items[1]"
    },
    "companyScore" : {
      "priceHigherThanDma50" : 5.00,
      "priceHigherThanDma100" : 5.00,
      "priceHigherThanDma200" : 5.00,
      "dma50HigherThanDma100" : 5.00,
      "dma50HigherThanDma200" : 5.00,
      "dma100HigherThanDma200" : 5.00,
      "pricePercentageAboveDma50" : 3.48,
      "pricePercentageAboveDma100" : 0.12,
      "pricePercentageAboveDma200" : 0.00,
      "weeklyVolumeHigherThanYearlyVolume" : 5.00,
      "salesGrowthPercentile" : 19.74,
      "operatingProfitMarginPercentile" : 18.83,
      "netProfitMarginPercentile" : 8.64,
      "totalTechnicalScore" : 38.60,
      "totalFundamentalScore" : 47.21,
      "totalScore" : 85.81
    }
  },
  "attributes" : {
    "companyCode" : "530929",
    "companyName" : "RRP Defense",
    "marketCap" : 1284.00,
    "peRatio" : 514.00,
    "description" : "Incorporated in 1981, Euro Asia Exports Ltd does trading and exports of various items[1]"
  },
  "technicalHistory" : [ {
    "date" : "2024-12-10",
    "price" : 18.43,
    "dma50" : 16.53,
    "dma100" : null,
    "dma200" : 12.51,
    "volume" : 100.00
  }, {
    "date" : "2024-12-19",
    "price" : 19.35,
    "dma50" : 16.64,
    "dma100" : null,
    "dma200" : 12.58,
    "volume" : 800.00
  }, {
    "date" : "2025-01-24",
    "price" : 20.31,
    "dma50" : 16.79,
    "dma100" : null,
    "dma200" : 12.66,
    "volume" : 100.00
  }, {
    "date" : "2025-01-27",
    "price" : 21.32,
    "dma50" : 16.96,
    "dma100" : null,
    "dma200" : 12.74,
    "volume" : 400.00
  }, {
    "date" : "2025-01-28",
    "price" : 22.38,
    "dma50" : 17.18,
    "dma100" : null,
    "dma200" : 12.84,
    "volume" : 100.00
  }, {
    "date" : "2025-01-29",
    "price" : 23.49,
    "dma50" : 17.42,
    "dma100" : null,
    "dma200" : 12.95,
    "volume" : 100.00
  }, {
    "date" : "2025-01-30",
    "price" : 24.66,
    "dma50" : 17.71,
    "dma100" : null,
    "dma200" : 13.06,
    "volume" : 10000.00
  }, {
    "date" : "2025-01-31",
    "price" : 25.89,
    "dma50" : 18.03,
    "dma100" : null,
    "dma200" : 13.19,
    "volume" : 100.00
  }, {
    "date" : "2025-02-03",
    "price" : 27.18,
    "dma50" : 18.39,
    "dma100" : null,
    "dma200" : 13.33,
    "volume" : 100.00
  }, {
    "date" : "2025-03-10",
    "price" : 27.18,
    "dma50" : 18.73,
    "dma100" : null,
    "dma200" : 13.47,
    "volume" : 1200.00
  }, {
    "date" : "2025-03-11",
    "price" : 28.53,
    "dma50" : 19.12,
    "dma100" : null,
    "dma200" : 13.62,
    "volume" : 100.00
  }, {
    "date" : "2025-03-12",
    "price" : 29.95,
    "dma50" : 19.54,
    "dma100" : null,
    "dma200" : 13.78,
    "volume" : 100.00
  }, {
    "date" : "2025-03-13",
    "price" : 31.44,
    "dma50" : 20.01,
    "dma100" : null,
    "dma200" : 13.96,
    "volume" : 100.00
  }, {
    "date" : "2025-03-17",
    "price" : 33.01,
    "dma50" : 20.52,
    "dma100" : null,
    "dma200" : 14.15,
    "volume" : 100.00
  }, {
    "date" : "2025-03-18",
    "price" : 34.66,
    "dma50" : 21.07,
    "dma100" : null,
    "dma200" : 14.35,
    "volume" : 100.00
  }, {
    "date" : "2025-03-19",
    "price" : 36.39,
    "dma50" : 21.67,
    "dma100" : null,
    "dma200" : 14.57,
    "volume" : 100.00
  }, {
    "date" : "2025-03-20",
    "price" : 38.20,
    "dma50" : 22.32,
    "dma100" : null,
    "dma200" : 14.80,
    "volume" : 100.00
  }, {
    "date" : "2025-03-21",
    "price" : 40.11,
    "dma50" : 23.02,
    "dma100" : null,
    "dma200" : 15.06,
    "volume" : 100.00
  }, {
    "date" : "2025-03-24",
    "price" : 42.11,
    "dma50" : 23.77,
    "dma100" : null,
    "dma200" : 15.33,
    "volume" : 100.00
  }, {
    "date" : "2025-03-25",
    "price" : 44.21,
    "dma50" : 24.57,
    "dma100" : null,
    "dma200" : 15.61,
    "volume" : 100.00
  }, {
    "date" : "2025-03-26",
    "price" : 46.42,
    "dma50" : 25.43,
    "dma100" : null,
    "dma200" : 15.92,
    "volume" : 100.00
  }, {
    "date" : "2025-03-27",
    "price" : 48.74,
    "dma50" : 26.34,
    "dma100" : null,
    "dma200" : 16.25,
    "volume" : 100.00
  }, {
    "date" : "2025-03-28",
    "price" : 51.17,
    "dma50" : 27.31,
    "dma100" : null,
    "dma200" : 16.59,
    "volume" : 100.00
  }, {
    "date" : "2025-04-01",
    "price" : 52.19,
    "dma50" : 28.29,
    "dma100" : null,
    "dma200" : 16.95,
    "volume" : 100.00
  }, {
    "date" : "2025-04-02",
    "price" : 53.23,
    "dma50" : 29.27,
    "dma100" : null,
    "dma200" : 17.31,
    "volume" : 100.00
  }, {
    "date" : "2025-04-03",
    "price" : 54.29,
    "dma50" : 30.25,
    "dma100" : null,
    "dma200" : 17.68,
    "volume" : 100.00
  }, {
    "date" : "2025-04-04",
    "price" : 55.37,
    "dma50" : 31.23,
    "dma100" : null,
    "dma200" : 18.05,
    "volume" : 100.00
  }, {
    "date" : "2025-04-07",
    "price" : 56.47,
    "dma50" : 32.22,
    "dma100" : null,
    "dma200" : 18.43,
    "volume" : 200.00
  }, {
    "date" : "2025-04-08",
    "price" : 57.59,
    "dma50" : 33.22,
    "dma100" : null,
    "dma200" : 18.82,
    "volume" : 100.00
  }, {
    "date" : "2025-04-09",
    "price" : 58.74,
    "dma50" : 34.22,
    "dma100" : null,
    "dma200" : 19.22,
    "volume" : 100.00
  }, {
    "date" : "2025-04-11",
    "price" : 59.91,
    "dma50" : 35.23,
    "dma100" : null,
    "dma200" : 19.63,
    "volume" : 100.00
  }, {
    "date" : "2025-04-15",
    "price" : 61.10,
    "dma50" : 36.24,
    "dma100" : null,
    "dma200" : 20.04,
    "volume" : 100.00
  }, {
    "date" : "2025-04-16",
    "price" : 62.32,
    "dma50" : 37.26,
    "dma100" : null,
    "dma200" : 20.46,
    "volume" : 1700.00
  }, {
    "date" : "2025-04-17",
    "price" : 63.56,
    "dma50" : 38.30,
    "dma100" : null,
    "dma200" : 20.89,
    "volume" : 1400.00
  }, {
    "date" : "2025-04-21",
    "price" : 64.83,
    "dma50" : 39.34,
    "dma100" : null,
    "dma200" : 21.32,
    "volume" : 100.00
  }, {
    "date" : "2025-04-22",
    "price" : 66.12,
    "dma50" : 40.39,
    "dma100" : null,
    "dma200" : 21.77,
    "volume" : 100.00
  }, {
    "date" : "2025-04-23",
    "price" : 67.44,
    "dma50" : 41.45,
    "dma100" : null,
    "dma200" : 22.23,
    "volume" : 100.00
  }, {
    "date" : "2025-04-24",
    "price" : 68.78,
    "dma50" : 42.52,
    "dma100" : null,
    "dma200" : 22.69,
    "volume" : 100.00
  }, {
    "date" : "2025-04-25",
    "price" : 70.15,
    "dma50" : 43.60,
    "dma100" : null,
    "dma200" : 23.16,
    "volume" : 100.00
  }, {
    "date" : "2025-04-28",
    "price" : 71.55,
    "dma50" : 44.70,
    "dma100" : null,
    "dma200" : 23.64,
    "volume" : 100.00
  }, {
    "date" : "2025-04-29",
    "price" : 72.98,
    "dma50" : 45.81,
    "dma100" : null,
    "dma200" : 24.13,
    "volume" : 100.00
  }, {
    "date" : "2025-04-30",
    "price" : 74.43,
    "dma50" : 46.93,
    "dma100" : null,
    "dma200" : 24.63,
    "volume" : 100.00
  }, {
    "date" : "2025-05-02",
    "price" : 75.91,
    "dma50" : 48.07,
    "dma100" : null,
    "dma200" : 25.14,
    "volume" : 100.00
  }, {
    "date" : "2025-05-05",
    "price" : 77.42,
    "dma50" : 49.22,
    "dma100" : null,
    "dma200" : 25.66,
    "volume" : 100.00
  }, {
    "date" : "2025-05-06",
    "price" : 78.96,
    "dma50" : 50.38,
    "dma100" : null,
    "dma200" : 26.19,
    "volume" : 100.00
  }, {
    "date" : "2025-05-07",
    "price" : 80.53,
    "dma50" : 51.57,
    "dma100" : null,
    "dma200" : 26.73,
    "volume" : 200.00
  }, {
    "date" : "2025-05-08",
    "price" : 82.14,
    "dma50" : 52.77,
    "dma100" : null,
    "dma200" : 27.29,
    "volume" : 100.00
  }, {
    "date" : "2025-05-09",
    "price" : 83.78,
    "dma50" : 53.98,
    "dma100" : null,
    "dma200" : 27.85,
    "volume" : 100.00
  }, {
    "date" : "2025-05-12",
    "price" : 85.45,
    "dma50" : 55.22,
    "dma100" : null,
    "dma200" : 28.42,
    "volume" : 100.00
  }, {
    "date" : "2025-05-13",
    "price" : 87.15,
    "dma50" : 56.47,
    "dma100" : null,
    "dma200" : 29.01,
    "volume" : 100.00
  }, {
    "date" : "2025-05-14",
    "price" : 88.89,
    "dma50" : 57.74,
    "dma100" : null,
    "dma200" : 29.60,
    "volume" : 100.00
  }, {
    "date" : "2025-05-15",
    "price" : 90.66,
    "dma50" : 59.03,
    "dma100" : null,
    "dma200" : 30.21,
    "volume" : 100.00
  }, {
    "date" : "2025-05-16",
    "price" : 92.47,
    "dma50" : 60.34,
    "dma100" : null,
    "dma200" : 30.83,
    "volume" : 1600.00
  }, {
    "date" : "2025-05-19",
    "price" : 94.31,
    "dma50" : 61.67,
    "dma100" : null,
    "dma200" : 31.46,
    "volume" : 100.00
  }, {
    "date" : "2025-05-20",
    "price" : 96.19,
    "dma50" : 63.03,
    "dma100" : null,
    "dma200" : 32.10,
    "volume" : 1500.00
  }, {
    "date" : "2025-05-21",
    "price" : 98.11,
    "dma50" : 64.40,
    "dma100" : null,
    "dma200" : 32.76,
    "volume" : 100.00
  }, {
    "date" : "2025-05-22",
    "price" : 100.07,
    "dma50" : 65.80,
    "dma100" : null,
    "dma200" : 33.43,
    "volume" : 1200.00
  }, {
    "date" : "2025-05-23",
    "price" : 102.07,
    "dma50" : 67.22,
    "dma100" : null,
    "dma200" : 34.11,
    "volume" : 6.00
  }, {
    "date" : "2025-05-26",
    "price" : 104.11,
    "dma50" : 68.67,
    "dma100" : null,
    "dma200" : 34.81,
    "volume" : 100.00
  }, {
    "date" : "2025-05-27",
    "price" : 106.19,
    "dma50" : 70.14,
    "dma100" : null,
    "dma200" : 35.52,
    "volume" : 1.00
  }, {
    "date" : "2025-05-28",
    "price" : 108.31,
    "dma50" : 71.64,
    "dma100" : null,
    "dma200" : 36.24,
    "volume" : 100.00
  }, {
    "date" : "2025-05-29",
    "price" : 110.47,
    "dma50" : 73.16,
    "dma100" : null,
    "dma200" : 36.98,
    "volume" : 500.00
  }, {
    "date" : "2025-05-30",
    "price" : 112.67,
    "dma50" : 74.71,
    "dma100" : null,
    "dma200" : 37.74,
    "volume" : 1.00
  }, {
    "date" : "2025-06-02",
    "price" : 114.90,
    "dma50" : 76.29,
    "dma100" : null,
    "dma200" : 38.50,
    "volume" : 1.00
  }, {
    "date" : "2025-06-03",
    "price" : 117.15,
    "dma50" : 77.89,
    "dma100" : null,
    "dma200" : 39.29,
    "volume" : 1.00
  }, {
    "date" : "2025-06-04",
    "price" : 119.45,
    "dma50" : 79.52,
    "dma100" : null,
    "dma200" : 40.08,
    "volume" : 1.00
  }, {
    "date" : "2025-06-05",
    "price" : 121.80,
    "dma50" : 81.18,
    "dma100" : null,
    "dma200" : 40.90,
    "volume" : 50.00
  }, {
    "date" : "2025-06-06",
    "price" : 124.20,
    "dma50" : 82.86,
    "dma100" : null,
    "dma200" : 41.73,
    "volume" : 101.00
  }, {
    "date" : "2025-06-09",
    "price" : 126.65,
    "dma50" : 84.58,
    "dma100" : null,
    "dma200" : 42.57,
    "volume" : 500.00
  }, {
    "date" : "2025-06-10",
    "price" : 129.15,
    "dma50" : 86.33,
    "dma100" : null,
    "dma200" : 43.43,
    "volume" : 1.00
  }, {
    "date" : "2025-06-11",
    "price" : 131.70,
    "dma50" : 88.11,
    "dma100" : null,
    "dma200" : 44.31,
    "volume" : 2.00
  }, {
    "date" : "2025-06-12",
    "price" : 134.30,
    "dma50" : 89.92,
    "dma100" : null,
    "dma200" : 45.21,
    "volume" : 1.00
  }, {
    "date" : "2025-06-13",
    "price" : 136.95,
    "dma50" : 91.76,
    "dma100" : null,
    "dma200" : 46.12,
    "volume" : 1.00
  }, {
    "date" : "2025-06-16",
    "price" : 139.65,
    "dma50" : 93.64,
    "dma100" : null,
    "dma200" : 47.05,
    "volume" : 50.00
  }, {
    "date" : "2025-06-17",
    "price" : 142.40,
    "dma50" : 95.55,
    "dma100" : null,
    "dma200" : 48.00,
    "volume" : 1.00
  }, {
    "date" : "2025-06-18",
    "price" : 145.20,
    "dma50" : 97.50,
    "dma100" : null,
    "dma200" : 48.97,
    "volume" : 1.00
  }, {
    "date" : "2025-06-19",
    "price" : 148.10,
    "dma50" : 99.49,
    "dma100" : null,
    "dma200" : 49.95,
    "volume" : 3.00
  }, {
    "date" : "2025-06-20",
    "price" : 151.05,
    "dma50" : 101.51,
    "dma100" : null,
    "dma200" : 50.96,
    "volume" : 2.00
  }, {
    "date" : "2025-06-23",
    "price" : 154.05,
    "dma50" : 103.57,
    "dma100" : null,
    "dma200" : 51.98,
    "volume" : 1000.00
  }, {
    "date" : "2025-06-24",
    "price" : 157.10,
    "dma50" : 105.67,
    "dma100" : null,
    "dma200" : 53.03,
    "volume" : 1.00
  }, {
    "date" : "2025-06-25",
    "price" : 160.20,
    "dma50" : 107.81,
    "dma100" : null,
    "dma200" : 54.10,
    "volume" : 1.00
  }, {
    "date" : "2025-06-26",
    "price" : 163.40,
    "dma50" : 109.99,
    "dma100" : null,
    "dma200" : 55.18,
    "volume" : 1.00
  }, {
    "date" : "2025-06-27",
    "price" : 166.65,
    "dma50" : 112.21,
    "dma100" : null,
    "dma200" : 56.29,
    "volume" : 140.00
  }, {
    "date" : "2025-06-30",
    "price" : 169.95,
    "dma50" : 114.47,
    "dma100" : null,
    "dma200" : 57.42,
    "volume" : 2.00
  }, {
    "date" : "2025-07-01",
    "price" : 173.30,
    "dma50" : 116.78,
    "dma100" : null,
    "dma200" : 58.58,
    "volume" : 50.00
  }, {
    "date" : "2025-07-02",
    "price" : 176.75,
    "dma50" : 119.13,
    "dma100" : null,
    "dma200" : 59.75,
    "volume" : 1.00
  }, {
    "date" : "2025-07-03",
    "price" : 180.25,
    "dma50" : 121.53,
    "dma100" : null,
    "dma200" : 60.95,
    "volume" : 8.00
  }, {
    "date" : "2025-07-04",
    "price" : 183.85,
    "dma50" : 123.97,
    "dma100" : null,
    "dma200" : 62.17,
    "volume" : 1.00
  }, {
    "date" : "2025-07-07",
    "price" : 187.50,
    "dma50" : 126.46,
    "dma100" : null,
    "dma200" : 63.42,
    "volume" : 9.00
  }, {
    "date" : "2025-07-08",
    "price" : 191.25,
    "dma50" : 129.00,
    "dma100" : null,
    "dma200" : 64.69,
    "volume" : 50.00
  }, {
    "date" : "2025-07-09",
    "price" : 195.05,
    "dma50" : 131.59,
    "dma100" : null,
    "dma200" : 65.99,
    "volume" : 9.00
  }, {
    "date" : "2025-07-10",
    "price" : 198.95,
    "dma50" : 134.24,
    "dma100" : null,
    "dma200" : 67.31,
    "volume" : 25.00
  }, {
    "date" : "2025-07-11",
    "price" : 202.90,
    "dma50" : 136.93,
    "dma100" : null,
    "dma200" : 68.66,
    "volume" : 40.00
  }, {
    "date" : "2025-07-14",
    "price" : 206.95,
    "dma50" : 139.67,
    "dma100" : null,
    "dma200" : 70.04,
    "volume" : 1009.00
  }, {
    "date" : "2025-07-15",
    "price" : 211.05,
    "dma50" : 142.47,
    "dma100" : null,
    "dma200" : 71.44,
    "volume" : 576.00
  }, {
    "date" : "2025-07-16",
    "price" : 215.25,
    "dma50" : 145.33,
    "dma100" : null,
    "dma200" : 72.87,
    "volume" : 664.00
  }, {
    "date" : "2025-07-17",
    "price" : 219.55,
    "dma50" : 148.24,
    "dma100" : null,
    "dma200" : 74.33,
    "volume" : 50.00
  }, {
    "date" : "2025-07-18",
    "price" : 223.90,
    "dma50" : 151.21,
    "dma100" : null,
    "dma200" : 75.82,
    "volume" : 500.00
  }, {
    "date" : "2025-07-21",
    "price" : 228.35,
    "dma50" : 154.23,
    "dma100" : null,
    "dma200" : 77.34,
    "volume" : 100.00
  }, {
    "date" : "2025-07-22",
    "price" : 232.90,
    "dma50" : 157.32,
    "dma100" : null,
    "dma200" : 78.89,
    "volume" : 100.00
  }, {
    "date" : "2025-07-23",
    "price" : 237.55,
    "dma50" : 160.46,
    "dma100" : 102.83,
    "dma200" : 80.46,
    "volume" : 25.00
  }, {
    "date" : "2025-07-24",
    "price" : 242.30,
    "dma50" : 163.67,
    "dma100" : 105.06,
    "dma200" : 82.08,
    "volume" : 900.00
  }, {
    "date" : "2025-07-25",
    "price" : 247.10,
    "dma50" : 166.94,
    "dma100" : 107.33,
    "dma200" : 83.72,
    "volume" : 100.00
  }, {
    "date" : "2025-07-28",
    "price" : 252.00,
    "dma50" : 170.28,
    "dma100" : 109.63,
    "dma200" : 85.39,
    "volume" : 3775.00
  }, {
    "date" : "2025-07-29",
    "price" : 257.00,
    "dma50" : 173.68,
    "dma100" : 111.98,
    "dma200" : 87.10,
    "volume" : 125.00
  }, {
    "date" : "2025-07-30",
    "price" : 262.10,
    "dma50" : 177.15,
    "dma100" : 114.37,
    "dma200" : 88.84,
    "volume" : 5.00
  }, {
    "date" : "2025-07-31",
    "price" : 267.30,
    "dma50" : 180.68,
    "dma100" : 116.79,
    "dma200" : 90.62,
    "volume" : 5.00
  }, {
    "date" : "2025-08-01",
    "price" : 272.60,
    "dma50" : 184.29,
    "dma100" : 119.26,
    "dma200" : 92.43,
    "volume" : 5.00
  }, {
    "date" : "2025-08-04",
    "price" : 278.05,
    "dma50" : 187.96,
    "dma100" : 121.77,
    "dma200" : 94.27,
    "volume" : 5.00
  }, {
    "date" : "2025-08-05",
    "price" : 283.60,
    "dma50" : 191.71,
    "dma100" : 124.33,
    "dma200" : 96.16,
    "volume" : 75.00
  }, {
    "date" : "2025-08-06",
    "price" : 289.25,
    "dma50" : 195.54,
    "dma100" : 126.94,
    "dma200" : 98.08,
    "volume" : 5.00
  }, {
    "date" : "2025-08-07",
    "price" : 295.00,
    "dma50" : 199.44,
    "dma100" : 129.59,
    "dma200" : 100.04,
    "volume" : 104.00
  }, {
    "date" : "2025-08-08",
    "price" : 300.90,
    "dma50" : 203.42,
    "dma100" : 132.28,
    "dma200" : 102.04,
    "volume" : 2025.00
  }, {
    "date" : "2025-08-11",
    "price" : 306.90,
    "dma50" : 207.48,
    "dma100" : 135.02,
    "dma200" : 104.08,
    "volume" : 525.00
  }, {
    "date" : "2025-08-12",
    "price" : 313.00,
    "dma50" : 211.61,
    "dma100" : 137.81,
    "dma200" : 106.15,
    "volume" : 505.00
  }, {
    "date" : "2025-08-13",
    "price" : 319.25,
    "dma50" : 215.84,
    "dma100" : 140.64,
    "dma200" : 108.27,
    "volume" : 2201.00
  }, {
    "date" : "2025-08-14",
    "price" : 325.60,
    "dma50" : 220.14,
    "dma100" : 143.51,
    "dma200" : 110.44,
    "volume" : 426.00
  }, {
    "date" : "2025-08-18",
    "price" : 332.10,
    "dma50" : 224.53,
    "dma100" : 146.43,
    "dma200" : 112.64,
    "volume" : 1625.00
  }, {
    "date" : "2025-08-19",
    "price" : 338.70,
    "dma50" : 229.01,
    "dma100" : 149.39,
    "dma200" : 114.89,
    "volume" : 201.00
  }, {
    "date" : "2025-08-20",
    "price" : 345.45,
    "dma50" : 233.57,
    "dma100" : 152.41,
    "dma200" : 117.19,
    "volume" : 25.00
  }, {
    "date" : "2025-08-21",
    "price" : 352.35,
    "dma50" : 238.23,
    "dma100" : 155.47,
    "dma200" : 119.53,
    "volume" : 10.00
  }, {
    "date" : "2025-08-22",
    "price" : 359.35,
    "dma50" : 242.98,
    "dma100" : 158.57,
    "dma200" : 121.91,
    "volume" : 225.00
  }, {
    "date" : "2025-08-25",
    "price" : 366.50,
    "dma50" : 247.83,
    "dma100" : 161.73,
    "dma200" : 124.35,
    "volume" : 1310.00
  }, {
    "date" : "2025-08-26",
    "price" : 373.80,
    "dma50" : 252.77,
    "dma100" : 164.94,
    "dma200" : 126.83,
    "volume" : 125.00
  }, {
    "date" : "2025-08-28",
    "price" : 381.25,
    "dma50" : 257.80,
    "dma100" : 168.22,
    "dma200" : 129.36,
    "volume" : 600.00
  }, {
    "date" : "2025-08-29",
    "price" : 388.85,
    "dma50" : 262.94,
    "dma100" : 171.57,
    "dma200" : 131.94,
    "volume" : 300.00
  }, {
    "date" : "2025-09-01",
    "price" : 396.60,
    "dma50" : 268.19,
    "dma100" : 174.98,
    "dma200" : 134.58,
    "volume" : 2200.00
  }, {
    "date" : "2025-09-02",
    "price" : 404.50,
    "dma50" : 273.53,
    "dma100" : 178.46,
    "dma200" : 137.26,
    "volume" : 136.00
  }, {
    "date" : "2025-09-03",
    "price" : 412.55,
    "dma50" : 278.98,
    "dma100" : 182.01,
    "dma200" : 140.00,
    "volume" : 21.00
  }, {
    "date" : "2025-09-04",
    "price" : 420.80,
    "dma50" : 284.54,
    "dma100" : 185.63,
    "dma200" : 142.79,
    "volume" : 260.00
  }, {
    "date" : "2025-09-05",
    "price" : 429.20,
    "dma50" : 290.22,
    "dma100" : 189.32,
    "dma200" : 145.64,
    "volume" : 9363.00
  }, {
    "date" : "2025-09-08",
    "price" : 437.75,
    "dma50" : 296.00,
    "dma100" : 193.09,
    "dma200" : 148.55,
    "volume" : 1.00
  }, {
    "date" : "2025-09-09",
    "price" : 446.50,
    "dma50" : 301.90,
    "dma100" : 196.93,
    "dma200" : 151.52,
    "volume" : 250.00
  }, {
    "date" : "2025-09-10",
    "price" : 455.40,
    "dma50" : 307.92,
    "dma100" : 200.85,
    "dma200" : 154.54,
    "volume" : 200.00
  }, {
    "date" : "2025-09-11",
    "price" : 464.50,
    "dma50" : 314.06,
    "dma100" : 204.85,
    "dma200" : 157.62,
    "volume" : 150.00
  }, {
    "date" : "2025-09-12",
    "price" : 473.75,
    "dma50" : 320.33,
    "dma100" : 208.92,
    "dma200" : 160.77,
    "volume" : 190.00
  }, {
    "date" : "2025-09-15",
    "price" : 483.20,
    "dma50" : 326.71,
    "dma100" : 213.08,
    "dma200" : 163.98,
    "volume" : 190.00
  }, {
    "date" : "2025-09-16",
    "price" : 492.85,
    "dma50" : 333.23,
    "dma100" : 217.32,
    "dma200" : 167.25,
    "volume" : 90.00
  }, {
    "date" : "2025-09-17",
    "price" : 502.70,
    "dma50" : 339.87,
    "dma100" : 221.65,
    "dma200" : 170.59,
    "volume" : 1631.00
  }, {
    "date" : "2025-09-18",
    "price" : 512.75,
    "dma50" : 346.65,
    "dma100" : 226.06,
    "dma200" : 173.99,
    "volume" : 395.00
  }, {
    "date" : "2025-09-19",
    "price" : 523.00,
    "dma50" : 353.57,
    "dma100" : 230.56,
    "dma200" : 177.46,
    "volume" : 2600.00
  }, {
    "date" : "2025-09-22",
    "price" : 533.45,
    "dma50" : 360.62,
    "dma100" : 235.15,
    "dma200" : 181.01,
    "volume" : 600.00
  }, {
    "date" : "2025-09-23",
    "price" : 544.10,
    "dma50" : 367.82,
    "dma100" : 239.83,
    "dma200" : 184.62,
    "volume" : 550.00
  }, {
    "date" : "2025-09-24",
    "price" : 554.95,
    "dma50" : 375.16,
    "dma100" : 244.61,
    "dma200" : 188.30,
    "volume" : 405.00
  }, {
    "date" : "2025-09-25",
    "price" : 566.00,
    "dma50" : 382.64,
    "dma100" : 249.48,
    "dma200" : 192.06,
    "volume" : 6630.00
  }, {
    "date" : "2025-09-26",
    "price" : 577.30,
    "dma50" : 390.27,
    "dma100" : 254.44,
    "dma200" : 195.90,
    "volume" : 13485.00
  }, {
    "date" : "2025-09-29",
    "price" : 588.80,
    "dma50" : 398.06,
    "dma100" : 259.51,
    "dma200" : 199.81,
    "volume" : 2085.00
  }, {
    "date" : "2025-09-30",
    "price" : 600.55,
    "dma50" : 406.00,
    "dma100" : 264.68,
    "dma200" : 203.79,
    "volume" : 870.00
  }, {
    "date" : "2025-10-01",
    "price" : 612.55,
    "dma50" : 414.10,
    "dma100" : 269.95,
    "dma200" : 207.86,
    "volume" : 1496.00
  }, {
    "date" : "2025-10-03",
    "price" : 624.80,
    "dma50" : 422.36,
    "dma100" : 275.33,
    "dma200" : 212.01,
    "volume" : 2257.00
  }, {
    "date" : "2025-10-06",
    "price" : 637.25,
    "dma50" : 430.79,
    "dma100" : 280.81,
    "dma200" : 216.24,
    "volume" : 1715.00
  }, {
    "date" : "2025-10-07",
    "price" : 649.95,
    "dma50" : 439.39,
    "dma100" : 286.40,
    "dma200" : 220.56,
    "volume" : 345.00
  }, {
    "date" : "2025-10-08",
    "price" : 662.90,
    "dma50" : 448.15,
    "dma100" : 292.11,
    "dma200" : 224.96,
    "volume" : 2260.00
  }, {
    "date" : "2025-10-09",
    "price" : 676.15,
    "dma50" : 457.09,
    "dma100" : 297.93,
    "dma200" : 229.45,
    "volume" : 561.00
  }, {
    "date" : "2025-10-10",
    "price" : 689.65,
    "dma50" : 466.21,
    "dma100" : 303.86,
    "dma200" : 234.03,
    "volume" : 4100.00
  }, {
    "date" : "2025-10-13",
    "price" : 703.40,
    "dma50" : 475.51,
    "dma100" : 309.91,
    "dma200" : 238.70,
    "volume" : 63182.00
  }, {
    "date" : "2025-10-14",
    "price" : 717.45,
    "dma50" : 485.00,
    "dma100" : 316.09,
    "dma200" : 243.46,
    "volume" : 2501.00
  }, {
    "date" : "2025-10-15",
    "price" : 731.75,
    "dma50" : 494.68,
    "dma100" : 322.38,
    "dma200" : 248.32,
    "volume" : 35335.00
  }, {
    "date" : "2025-10-16",
    "price" : 746.35,
    "dma50" : 504.55,
    "dma100" : 328.81,
    "dma200" : 253.27,
    "volume" : 13022.00
  }, {
    "date" : "2025-10-17",
    "price" : 761.25,
    "dma50" : 514.61,
    "dma100" : 335.36,
    "dma200" : 258.33,
    "volume" : 705.00
  }, {
    "date" : "2025-10-20",
    "price" : 776.45,
    "dma50" : 524.88,
    "dma100" : 342.04,
    "dma200" : 263.48,
    "volume" : 3095.00
  }, {
    "date" : "2025-10-21",
    "price" : 791.95,
    "dma50" : 535.35,
    "dma100" : 348.85,
    "dma200" : 268.74,
    "volume" : 730.00
  }, {
    "date" : "2025-10-23",
    "price" : 807.75,
    "dma50" : 546.04,
    "dma100" : 355.80,
    "dma200" : 274.11,
    "volume" : 4659.00
  }, {
    "date" : "2025-10-24",
    "price" : 823.90,
    "dma50" : 556.93,
    "dma100" : 362.89,
    "dma200" : 279.58,
    "volume" : 2054.00
  }, {
    "date" : "2025-10-27",
    "price" : 840.35,
    "dma50" : 568.05,
    "dma100" : 370.13,
    "dma200" : 285.16,
    "volume" : 1026.00
  }, {
    "date" : "2025-10-28",
    "price" : 857.15,
    "dma50" : 579.39,
    "dma100" : 377.50,
    "dma200" : 290.85,
    "volume" : 2771.00
  }, {
    "date" : "2025-10-29",
    "price" : 874.25,
    "dma50" : 590.95,
    "dma100" : 385.03,
    "dma200" : 296.65,
    "volume" : 2869.00
  }, {
    "date" : "2025-10-30",
    "price" : 891.70,
    "dma50" : 602.74,
    "dma100" : 392.70,
    "dma200" : 302.57,
    "volume" : 38653.00
  }, {
    "date" : "2025-10-31",
    "price" : 909.50,
    "dma50" : 614.77,
    "dma100" : 400.53,
    "dma200" : 308.61,
    "volume" : 7698.00
  }, {
    "date" : "2025-11-03",
    "price" : 927.65,
    "dma50" : 627.04,
    "dma100" : 408.52,
    "dma200" : 314.77,
    "volume" : 2643.00
  }, {
    "date" : "2025-11-04",
    "price" : 946.20,
    "dma50" : 639.56,
    "dma100" : 416.66,
    "dma200" : 321.05,
    "volume" : 2048.00
  }, {
    "date" : "2025-11-06",
    "price" : 965.10,
    "dma50" : 652.32,
    "dma100" : 424.97,
    "dma200" : 327.46,
    "volume" : 21535.00
  }, {
    "date" : "2025-11-07",
    "price" : 984.40,
    "dma50" : 665.35,
    "dma100" : 433.44,
    "dma200" : 334.00,
    "volume" : 1043.00
  }, {
    "date" : "2025-11-10",
    "price" : 974.60,
    "dma50" : 677.47,
    "dma100" : 441.79,
    "dma200" : 340.37,
    "volume" : 12236.00
  }, {
    "date" : "2025-11-17",
    "price" : 964.90,
    "dma50" : 688.75,
    "dma100" : 450.02,
    "dma200" : 346.59,
    "volume" : 1362.00
  }, {
    "date" : "2025-11-24",
    "price" : 955.30,
    "dma50" : 699.20,
    "dma100" : 458.12,
    "dma200" : 352.65,
    "volume" : 199.00
  }, {
    "date" : "2025-12-01",
    "price" : 945.75,
    "dma50" : 708.87,
    "dma100" : 466.10,
    "dma200" : 358.55,
    "volume" : 292.00
  }, {
    "date" : "2025-12-08",
    "price" : 936.30,
    "dma50" : 717.79,
    "dma100" : 473.95,
    "dma200" : 364.30,
    "volume" : 284.00
  } ],
  "latestTechnicalAttributes" : {
    "date" : "2025-12-08",
    "price" : 936.30,
    "dma50" : 717.79,
    "dma100" : 473.95,
    "dma200" : 364.30,
    "volume" : 284.00
  },
  "quarterlyResults" : [ {
    "date" : "2005-03-31",
    "sales" : 0.00,
    "salesGrowthYoY" : null,
    "grossProfitMargin" : 0.00,
    "grossProfit" : 0.00,
    "operatingProfitMargin" : 0.00,
    "operatingProfit" : 0.00,
    "netProfitMargin" : 0.00,
    "netProfit" : 0.00
  }, {
    "date" : "2005-06-30",
    "sales" : 0.00,
    "salesGrowthYoY" : null,
    "grossProfitMargin" : 0.00,
    "grossProfit" : 0.00,
    "operatingProfitMargin" : 0.00,
    "operatingProfit" : 0.00,
    "netProfitMargin" : 0.00,
    "netProfit" : 0.00
  }, {
    "date" : "2005-09-30",
    "sales" : 0.00,
    "salesGrowthYoY" : null,
    "grossProfitMargin" : 0.00,
    "grossProfit" : 0.00,
    "operatingProfitMargin" : 0.00,
    "operatingProfit" : 0.00,
    "netProfitMargin" : 0.00,
    "netProfit" : 0.00
  }, {
    "date" : "2005-12-31",
    "sales" : 0.00,
    "salesGrowthYoY" : null,
    "grossProfitMargin" : 0.00,
    "grossProfit" : 0.00,
    "operatingProfitMargin" : 0.00,
    "operatingProfit" : 0.00,
    "netProfitMargin" : 0.00,
    "netProfit" : 0.00
  }, {
    "date" : "2006-03-31",
    "sales" : 0.00,
    "salesGrowthYoY" : 0.00,
    "grossProfitMargin" : 0.00,
    "grossProfit" : 0.00,
    "operatingProfitMargin" : 0.00,
    "operatingProfit" : 0.00,
    "netProfitMargin" : 0.00,
    "netProfit" : 0.00
  }, {
    "date" : "2006-06-30",
    "sales" : 0.00,
    "salesGrowthYoY" : 0.00,
    "grossProfitMargin" : 0.00,
    "grossProfit" : 0.00,
    "operatingProfitMargin" : 0.00,
    "operatingProfit" : 0.00,
    "netProfitMargin" : 0.00,
    "netProfit" : 0.00
  }, {
    "date" : "2006-09-30",
    "sales" : 0.00,
    "salesGrowthYoY" : 0.00,
    "grossProfitMargin" : 0.00,
    "grossProfit" : 0.00,
    "operatingProfitMargin" : 0.00,
    "operatingProfit" : 0.00,
    "netProfitMargin" : 0.00,
    "netProfit" : 0.00
  }, {
    "date" : "2006-12-31",
    "sales" : 0.00,
    "salesGrowthYoY" : 0.00,
    "grossProfitMargin" : 0.00,
    "grossProfit" : 0.00,
    "operatingProfitMargin" : 0.00,
    "operatingProfit" : 0.00,
    "netProfitMargin" : 0.00,
    "netProfit" : 0.00
  }, {
    "date" : "2007-03-31",
    "sales" : 0.00,
    "salesGrowthYoY" : 0.00,
    "grossProfitMargin" : 0.00,
    "grossProfit" : 0.00,
    "operatingProfitMargin" : 0.00,
    "operatingProfit" : 0.00,
    "netProfitMargin" : 0.00,
    "netProfit" : 0.00
  }, {
    "date" : "2007-06-30",
    "sales" : 0.00,
    "salesGrowthYoY" : 0.00,
    "grossProfitMargin" : 0.00,
    "grossProfit" : 0.00,
    "operatingProfitMargin" : 0.00,
    "operatingProfit" : 0.00,
    "netProfitMargin" : 0.00,
    "netProfit" : 0.00
  }, {
    "date" : "2007-09-30",
    "sales" : 0.00,
    "salesGrowthYoY" : 0.00,
    "grossProfitMargin" : 0.00,
    "grossProfit" : 0.00,
    "operatingProfitMargin" : 0.00,
    "operatingProfit" : 0.00,
    "netProfitMargin" : 0.00,
    "netProfit" : 0.00
  }, {
    "date" : "2007-12-31",
    "sales" : 0.00,
    "salesGrowthYoY" : 0.00,
    "grossProfitMargin" : 0.00,
    "grossProfit" : 0.00,
    "operatingProfitMargin" : 0.00,
    "operatingProfit" : 0.00,
    "netProfitMargin" : 0.00,
    "netProfit" : 0.00
  }, {
    "date" : "2008-03-31",
    "sales" : 0.00,
    "salesGrowthYoY" : 0.00,
    "grossProfitMargin" : 0.00,
    "grossProfit" : 0.00,
    "operatingProfitMargin" : 0.00,
    "operatingProfit" : 0.00,
    "netProfitMargin" : 0.00,
    "netProfit" : 0.00
  }, {
    "date" : "2008-06-30",
    "sales" : 0.00,
    "salesGrowthYoY" : 0.00,
    "grossProfitMargin" : 0.00,
    "grossProfit" : 0.00,
    "operatingProfitMargin" : 0.00,
    "operatingProfit" : 0.00,
    "netProfitMargin" : 0.00,
    "netProfit" : 0.00
  }, {
    "date" : "2009-03-31",
    "sales" : 0.02,
    "salesGrowthYoY" : 100.00,
    "grossProfitMargin" : 100.00,
    "grossProfit" : 0.02,
    "operatingProfitMargin" : 100.00,
    "operatingProfit" : 0.02,
    "netProfitMargin" : 50.00,
    "netProfit" : 0.01
  }, {
    "date" : "2009-06-30",
    "sales" : 0.02,
    "salesGrowthYoY" : 100.00,
    "grossProfitMargin" : 100.00,
    "grossProfit" : 0.02,
    "operatingProfitMargin" : 100.00,
    "operatingProfit" : 0.02,
    "netProfitMargin" : 100.00,
    "netProfit" : 0.02
  }, {
    "date" : "2009-09-30",
    "sales" : 0.02,
    "salesGrowthYoY" : 100.00,
    "grossProfitMargin" : 100.00,
    "grossProfit" : 0.02,
    "operatingProfitMargin" : 50.00,
    "operatingProfit" : 0.01,
    "netProfitMargin" : 50.00,
    "netProfit" : 0.01
  }, {
    "date" : "2009-12-31",
    "sales" : 0.03,
    "salesGrowthYoY" : 100.00,
    "grossProfitMargin" : 66.67,
    "grossProfit" : 0.02,
    "operatingProfitMargin" : 66.67,
    "operatingProfit" : 0.02,
    "netProfitMargin" : 66.67,
    "netProfit" : 0.02
  }, {
    "date" : "2010-03-31",
    "sales" : 0.02,
    "salesGrowthYoY" : 0.00,
    "grossProfitMargin" : 100.00,
    "grossProfit" : 0.02,
    "operatingProfitMargin" : -250.00,
    "operatingProfit" : -0.05,
    "netProfitMargin" : -250.00,
    "netProfit" : -0.05
  }, {
    "date" : "2010-06-30",
    "sales" : 0.03,
    "salesGrowthYoY" : 50.00,
    "grossProfitMargin" : 33.33,
    "grossProfit" : 0.01,
    "operatingProfitMargin" : 33.33,
    "operatingProfit" : 0.01,
    "netProfitMargin" : 33.33,
    "netProfit" : 0.01
  }, {
    "date" : "2010-09-30",
    "sales" : 0.02,
    "salesGrowthYoY" : 0.00,
    "grossProfitMargin" : 50.00,
    "grossProfit" : 0.01,
    "operatingProfitMargin" : 50.00,
    "operatingProfit" : 0.01,
    "netProfitMargin" : 50.00,
    "netProfit" : 0.01
  }, {
    "date" : "2010-12-31",
    "sales" : 0.02,
    "salesGrowthYoY" : -33.33,
    "grossProfitMargin" : 50.00,
    "grossProfit" : 0.01,
    "operatingProfitMargin" : 50.00,
    "operatingProfit" : 0.01,
    "netProfitMargin" : 50.00,
    "netProfit" : 0.01
  }, {
    "date" : "2011-03-31",
    "sales" : 0.08,
    "salesGrowthYoY" : 300.00,
    "grossProfitMargin" : 25.00,
    "grossProfit" : 0.02,
    "operatingProfitMargin" : 25.00,
    "operatingProfit" : 0.02,
    "netProfitMargin" : 12.50,
    "netProfit" : 0.01
  }, {
    "date" : "2011-06-30",
    "sales" : 0.04,
    "salesGrowthYoY" : 33.33,
    "grossProfitMargin" : 25.00,
    "grossProfit" : 0.01,
    "operatingProfitMargin" : 0.00,
    "operatingProfit" : 0.00,
    "netProfitMargin" : 0.00,
    "netProfit" : 0.00
  }, {
    "date" : "2011-09-30",
    "sales" : 0.03,
    "salesGrowthYoY" : 50.00,
    "grossProfitMargin" : 33.33,
    "grossProfit" : 0.01,
    "operatingProfitMargin" : 0.00,
    "operatingProfit" : 0.00,
    "netProfitMargin" : 0.00,
    "netProfit" : 0.00
  }, {
    "date" : "2011-12-31",
    "sales" : 0.02,
    "salesGrowthYoY" : 0.00,
    "grossProfitMargin" : 50.00,
    "grossProfit" : 0.01,
    "operatingProfitMargin" : 0.00,
    "operatingProfit" : 0.00,
    "netProfitMargin" : 0.00,
    "netProfit" : 0.00
  }, {
    "date" : "2012-03-31",
    "sales" : 0.00,
    "salesGrowthYoY" : -100.00,
    "grossProfitMargin" : 0.00,
    "grossProfit" : 0.00,
    "operatingProfitMargin" : 0.00,
    "operatingProfit" : 0.00,
    "netProfitMargin" : 0.00,
    "netProfit" : 0.00
  }, {
    "date" : "2012-06-30",
    "sales" : 0.00,
    "salesGrowthYoY" : -100.00,
    "grossProfitMargin" : 0.00,
    "grossProfit" : 0.00,
    "operatingProfitMargin" : 0.00,
    "operatingProfit" : 0.00,
    "netProfitMargin" : 0.00,
    "netProfit" : 0.00
  }, {
    "date" : "2012-09-30",
    "sales" : 0.00,
    "salesGrowthYoY" : -100.00,
    "grossProfitMargin" : 0.00,
    "grossProfit" : 0.00,
    "operatingProfitMargin" : 0.00,
    "operatingProfit" : 0.00,
    "netProfitMargin" : 0.00,
    "netProfit" : 0.00
  }, {
    "date" : "2012-12-31",
    "sales" : 0.00,
    "salesGrowthYoY" : -100.00,
    "grossProfitMargin" : 0.00,
    "grossProfit" : 0.00,
    "operatingProfitMargin" : 0.00,
    "operatingProfit" : 0.00,
    "netProfitMargin" : 0.00,
    "netProfit" : 0.00
  }, {
    "date" : "2013-03-31",
    "sales" : 0.18,
    "salesGrowthYoY" : 100.00,
    "grossProfitMargin" : 11.11,
    "grossProfit" : 0.02,
    "operatingProfitMargin" : 5.56,
    "operatingProfit" : 0.01,
    "netProfitMargin" : 5.56,
    "netProfit" : 0.01
  }, {
    "date" : "2013-06-30",
    "sales" : 0.00,
    "salesGrowthYoY" : 0.00,
    "grossProfitMargin" : 0.00,
    "grossProfit" : 0.00,
    "operatingProfitMargin" : 0.00,
    "operatingProfit" : 0.00,
    "netProfitMargin" : 0.00,
    "netProfit" : 0.00
  }, {
    "date" : "2013-09-30",
    "sales" : 0.20,
    "salesGrowthYoY" : 100.00,
    "grossProfitMargin" : 5.00,
    "grossProfit" : 0.01,
    "operatingProfitMargin" : 0.00,
    "operatingProfit" : 0.00,
    "netProfitMargin" : 0.00,
    "netProfit" : 0.00
  }, {
    "date" : "2013-12-31",
    "sales" : 0.00,
    "salesGrowthYoY" : 0.00,
    "grossProfitMargin" : 0.00,
    "grossProfit" : 0.00,
    "operatingProfitMargin" : 0.00,
    "operatingProfit" : 0.00,
    "netProfitMargin" : 0.00,
    "netProfit" : 0.00
  }, {
    "date" : "2014-03-31",
    "sales" : 0.32,
    "salesGrowthYoY" : 77.78,
    "grossProfitMargin" : 6.25,
    "grossProfit" : 0.02,
    "operatingProfitMargin" : 3.12,
    "operatingProfit" : 0.01,
    "netProfitMargin" : 3.12,
    "netProfit" : 0.01
  }, {
    "date" : "2014-06-30",
    "sales" : 0.00,
    "salesGrowthYoY" : 0.00,
    "grossProfitMargin" : 0.00,
    "grossProfit" : 0.00,
    "operatingProfitMargin" : 0.00,
    "operatingProfit" : 0.00,
    "netProfitMargin" : 0.00,
    "netProfit" : 0.00
  }, {
    "date" : "2014-09-30",
    "sales" : 0.00,
    "salesGrowthYoY" : -100.00,
    "grossProfitMargin" : 0.00,
    "grossProfit" : 0.00,
    "operatingProfitMargin" : 0.00,
    "operatingProfit" : 0.00,
    "netProfitMargin" : 0.00,
    "netProfit" : 0.00
  }, {
    "date" : "2014-12-31",
    "sales" : 0.00,
    "salesGrowthYoY" : 0.00,
    "grossProfitMargin" : 0.00,
    "grossProfit" : 0.00,
    "operatingProfitMargin" : 0.00,
    "operatingProfit" : 0.00,
    "netProfitMargin" : 0.00,
    "netProfit" : 0.00
  }, {
    "date" : "2015-03-31",
    "sales" : 0.76,
    "salesGrowthYoY" : 137.50,
    "grossProfitMargin" : 9.21,
    "grossProfit" : 0.07,
    "operatingProfitMargin" : 6.58,
    "operatingProfit" : 0.05,
    "netProfitMargin" : 6.58,
    "netProfit" : 0.05
  }, {
    "date" : "2015-06-30",
    "sales" : 0.15,
    "salesGrowthYoY" : 100.00,
    "grossProfitMargin" : 13.33,
    "grossProfit" : 0.02,
    "operatingProfitMargin" : -126.67,
    "operatingProfit" : -0.19,
    "netProfitMargin" : -126.67,
    "netProfit" : -0.19
  }, {
    "date" : "2015-09-30",
    "sales" : 0.21,
    "salesGrowthYoY" : 100.00,
    "grossProfitMargin" : 23.81,
    "grossProfit" : 0.05,
    "operatingProfitMargin" : 0.00,
    "operatingProfit" : 0.00,
    "netProfitMargin" : 0.00,
    "netProfit" : 0.00
  }, {
    "date" : "2015-12-31",
    "sales" : 0.20,
    "salesGrowthYoY" : 100.00,
    "grossProfitMargin" : 10.00,
    "grossProfit" : 0.02,
    "operatingProfitMargin" : 0.00,
    "operatingProfit" : 0.00,
    "netProfitMargin" : 0.00,
    "netProfit" : 0.00
  }, {
    "date" : "2016-03-31",
    "sales" : 0.36,
    "salesGrowthYoY" : -52.63,
    "grossProfitMargin" : 19.44,
    "grossProfit" : 0.07,
    "operatingProfitMargin" : 52.78,
    "operatingProfit" : 0.19,
    "netProfitMargin" : 55.56,
    "netProfit" : 0.20
  }, {
    "date" : "2016-06-30",
    "sales" : 0.14,
    "salesGrowthYoY" : -6.67,
    "grossProfitMargin" : 28.57,
    "grossProfit" : 0.04,
    "operatingProfitMargin" : 0.00,
    "operatingProfit" : 0.00,
    "netProfitMargin" : 0.00,
    "netProfit" : 0.00
  }, {
    "date" : "2016-09-30",
    "sales" : 0.19,
    "salesGrowthYoY" : -9.52,
    "grossProfitMargin" : 15.79,
    "grossProfit" : 0.03,
    "operatingProfitMargin" : 10.53,
    "operatingProfit" : 0.02,
    "netProfitMargin" : 10.53,
    "netProfit" : 0.02
  }, {
    "date" : "2016-12-31",
    "sales" : 0.19,
    "salesGrowthYoY" : -5.00,
    "grossProfitMargin" : 21.05,
    "grossProfit" : 0.04,
    "operatingProfitMargin" : 5.26,
    "operatingProfit" : 0.01,
    "netProfitMargin" : 5.26,
    "netProfit" : 0.01
  }, {
    "date" : "2017-03-31",
    "sales" : 0.45,
    "salesGrowthYoY" : 25.00,
    "grossProfitMargin" : 8.89,
    "grossProfit" : 0.04,
    "operatingProfitMargin" : 0.00,
    "operatingProfit" : 0.00,
    "netProfitMargin" : -2.22,
    "netProfit" : -0.01
  }, {
    "date" : "2017-06-30",
    "sales" : 0.15,
    "salesGrowthYoY" : 7.14,
    "grossProfitMargin" : 26.67,
    "grossProfit" : 0.04,
    "operatingProfitMargin" : 6.67,
    "operatingProfit" : 0.01,
    "netProfitMargin" : 6.67,
    "netProfit" : 0.01
  }, {
    "date" : "2017-09-30",
    "sales" : 0.00,
    "salesGrowthYoY" : -100.00,
    "grossProfitMargin" : 0.00,
    "grossProfit" : 0.00,
    "operatingProfitMargin" : 0.00,
    "operatingProfit" : 0.00,
    "netProfitMargin" : 0.00,
    "netProfit" : 0.00
  }, {
    "date" : "2017-12-31",
    "sales" : 0.00,
    "salesGrowthYoY" : -100.00,
    "grossProfitMargin" : 0.00,
    "grossProfit" : 0.00,
    "operatingProfitMargin" : 0.00,
    "operatingProfit" : 0.00,
    "netProfitMargin" : 0.00,
    "netProfit" : 0.00
  }, {
    "date" : "2018-03-31",
    "sales" : 0.91,
    "salesGrowthYoY" : 102.22,
    "grossProfitMargin" : 23.08,
    "grossProfit" : 0.21,
    "operatingProfitMargin" : 5.49,
    "operatingProfit" : 0.05,
    "netProfitMargin" : 7.69,
    "netProfit" : 0.07
  }, {
    "date" : "2018-06-30",
    "sales" : 0.41,
    "salesGrowthYoY" : 173.33,
    "grossProfitMargin" : 17.07,
    "grossProfit" : 0.07,
    "operatingProfitMargin" : -4.88,
    "operatingProfit" : -0.02,
    "netProfitMargin" : -4.88,
    "netProfit" : -0.02
  }, {
    "date" : "2018-09-30",
    "sales" : 0.41,
    "salesGrowthYoY" : 100.00,
    "grossProfitMargin" : 2.44,
    "grossProfit" : 0.01,
    "operatingProfitMargin" : -12.20,
    "operatingProfit" : -0.05,
    "netProfitMargin" : -12.20,
    "netProfit" : -0.05
  }, {
    "date" : "2018-12-31",
    "sales" : 0.00,
    "salesGrowthYoY" : 0.00,
    "grossProfitMargin" : 0.00,
    "grossProfit" : 0.00,
    "operatingProfitMargin" : 0.00,
    "operatingProfit" : 0.00,
    "netProfitMargin" : 0.00,
    "netProfit" : 0.00
  }, {
    "date" : "2019-03-31",
    "sales" : 3.35,
    "salesGrowthYoY" : 268.13,
    "grossProfitMargin" : 10.45,
    "grossProfit" : 0.35,
    "operatingProfitMargin" : 3.88,
    "operatingProfit" : 0.13,
    "netProfitMargin" : 3.58,
    "netProfit" : 0.12
  }, {
    "date" : "2019-06-30",
    "sales" : 0.67,
    "salesGrowthYoY" : 63.41,
    "grossProfitMargin" : 1.49,
    "grossProfit" : 0.01,
    "operatingProfitMargin" : -10.45,
    "operatingProfit" : -0.07,
    "netProfitMargin" : -2.99,
    "netProfit" : -0.02
  }, {
    "date" : "2019-09-30",
    "sales" : 0.00,
    "salesGrowthYoY" : -100.00,
    "grossProfitMargin" : 0.00,
    "grossProfit" : 0.00,
    "operatingProfitMargin" : 0.00,
    "operatingProfit" : 0.00,
    "netProfitMargin" : 0.00,
    "netProfit" : 0.00
  }, {
    "date" : "2019-12-31",
    "sales" : 0.04,
    "salesGrowthYoY" : 100.00,
    "grossProfitMargin" : 100.00,
    "grossProfit" : 0.04,
    "operatingProfitMargin" : -100.00,
    "operatingProfit" : -0.04,
    "netProfitMargin" : -100.00,
    "netProfit" : -0.04
  }, {
    "date" : "2020-03-31",
    "sales" : 0.02,
    "salesGrowthYoY" : -99.40,
    "grossProfitMargin" : -600.00,
    "grossProfit" : -0.12,
    "operatingProfitMargin" : -1100.00,
    "operatingProfit" : -0.22,
    "netProfitMargin" : 450.00,
    "netProfit" : 0.09
  }, {
    "date" : "2020-06-30",
    "sales" : 0.04,
    "salesGrowthYoY" : -94.03,
    "grossProfitMargin" : 0.00,
    "grossProfit" : 0.00,
    "operatingProfitMargin" : -125.00,
    "operatingProfit" : -0.05,
    "netProfitMargin" : -75.00,
    "netProfit" : -0.03
  }, {
    "date" : "2020-09-30",
    "sales" : 0.04,
    "salesGrowthYoY" : 100.00,
    "grossProfitMargin" : 0.00,
    "grossProfit" : 0.00,
    "operatingProfitMargin" : -225.00,
    "operatingProfit" : -0.09,
    "netProfitMargin" : 0.00,
    "netProfit" : 0.00
  }, {
    "date" : "2020-12-31",
    "sales" : 0.37,
    "salesGrowthYoY" : 825.00,
    "grossProfitMargin" : 29.73,
    "grossProfit" : 0.11,
    "operatingProfitMargin" : 2.70,
    "operatingProfit" : 0.01,
    "netProfitMargin" : 13.51,
    "netProfit" : 0.05
  }, {
    "date" : "2021-03-31",
    "sales" : 1.31,
    "salesGrowthYoY" : 6450.00,
    "grossProfitMargin" : 11.45,
    "grossProfit" : 0.15,
    "operatingProfitMargin" : -0.76,
    "operatingProfit" : -0.01,
    "netProfitMargin" : -0.76,
    "netProfit" : -0.01
  }, {
    "date" : "2021-06-30",
    "sales" : 0.00,
    "salesGrowthYoY" : -100.00,
    "grossProfitMargin" : 0.00,
    "grossProfit" : 0.00,
    "operatingProfitMargin" : 0.00,
    "operatingProfit" : 0.00,
    "netProfitMargin" : 0.00,
    "netProfit" : 0.00
  }, {
    "date" : "2021-09-30",
    "sales" : 0.20,
    "salesGrowthYoY" : 400.00,
    "grossProfitMargin" : 0.00,
    "grossProfit" : 0.00,
    "operatingProfitMargin" : -50.00,
    "operatingProfit" : -0.10,
    "netProfitMargin" : -30.00,
    "netProfit" : -0.06
  }, {
    "date" : "2021-12-31",
    "sales" : 0.00,
    "salesGrowthYoY" : -100.00,
    "grossProfitMargin" : 0.00,
    "grossProfit" : 0.00,
    "operatingProfitMargin" : 0.00,
    "operatingProfit" : 0.00,
    "netProfitMargin" : 0.00,
    "netProfit" : 0.00
  }, {
    "date" : "2022-03-31",
    "sales" : 0.20,
    "salesGrowthYoY" : -84.73,
    "grossProfitMargin" : 100.00,
    "grossProfit" : 0.20,
    "operatingProfitMargin" : 80.00,
    "operatingProfit" : 0.16,
    "netProfitMargin" : 80.00,
    "netProfit" : 0.16
  }, {
    "date" : "2022-06-30",
    "sales" : 0.07,
    "salesGrowthYoY" : 100.00,
    "grossProfitMargin" : 100.00,
    "grossProfit" : 0.07,
    "operatingProfitMargin" : -14.29,
    "operatingProfit" : -0.01,
    "netProfitMargin" : -14.29,
    "netProfit" : -0.01
  }, {
    "date" : "2022-09-30",
    "sales" : 0.05,
    "salesGrowthYoY" : -75.00,
    "grossProfitMargin" : 100.00,
    "grossProfit" : 0.05,
    "operatingProfitMargin" : 0.00,
    "operatingProfit" : 0.00,
    "netProfitMargin" : 0.00,
    "netProfit" : 0.00
  }, {
    "date" : "2022-12-31",
    "sales" : 0.04,
    "salesGrowthYoY" : 100.00,
    "grossProfitMargin" : 100.00,
    "grossProfit" : 0.04,
    "operatingProfitMargin" : -100.00,
    "operatingProfit" : -0.04,
    "netProfitMargin" : -25.00,
    "netProfit" : -0.01
  }, {
    "date" : "2023-03-31",
    "sales" : 0.09,
    "salesGrowthYoY" : -55.00,
    "grossProfitMargin" : 100.00,
    "grossProfit" : 0.09,
    "operatingProfitMargin" : 88.89,
    "operatingProfit" : 0.08,
    "netProfitMargin" : 44.44,
    "netProfit" : 0.04
  }, {
    "date" : "2023-06-30",
    "sales" : 0.07,
    "salesGrowthYoY" : 0.00,
    "grossProfitMargin" : 100.00,
    "grossProfit" : 0.07,
    "operatingProfitMargin" : 14.29,
    "operatingProfit" : 0.01,
    "netProfitMargin" : 14.29,
    "netProfit" : 0.01
  }, {
    "date" : "2023-09-30",
    "sales" : 0.05,
    "salesGrowthYoY" : 0.00,
    "grossProfitMargin" : 100.00,
    "grossProfit" : 0.05,
    "operatingProfitMargin" : 20.00,
    "operatingProfit" : 0.01,
    "netProfitMargin" : 20.00,
    "netProfit" : 0.01
  }, {
    "date" : "2023-12-31",
    "sales" : 0.09,
    "salesGrowthYoY" : 125.00,
    "grossProfitMargin" : 100.00,
    "grossProfit" : 0.09,
    "operatingProfitMargin" : 11.11,
    "operatingProfit" : 0.01,
    "netProfitMargin" : 11.11,
    "netProfit" : 0.01
  }, {
    "date" : "2024-03-31",
    "sales" : 12.30,
    "salesGrowthYoY" : 13566.67,
    "grossProfitMargin" : 0.81,
    "grossProfit" : 0.10,
    "operatingProfitMargin" : 0.08,
    "operatingProfit" : 0.01,
    "netProfitMargin" : 0.00,
    "netProfit" : 0.00
  }, {
    "date" : "2024-06-30",
    "sales" : 1.56,
    "salesGrowthYoY" : 2128.57,
    "grossProfitMargin" : 110.26,
    "grossProfit" : 1.72,
    "operatingProfitMargin" : 1.92,
    "operatingProfit" : 0.03,
    "netProfitMargin" : 1.28,
    "netProfit" : 0.02
  }, {
    "date" : "2024-09-30",
    "sales" : 0.07,
    "salesGrowthYoY" : 40.00,
    "grossProfitMargin" : 100.00,
    "grossProfit" : 0.07,
    "operatingProfitMargin" : 14.29,
    "operatingProfit" : 0.01,
    "netProfitMargin" : 14.29,
    "netProfit" : 0.01
  }, {
    "date" : "2024-12-31",
    "sales" : 3.45,
    "salesGrowthYoY" : 3733.33,
    "grossProfitMargin" : 10.14,
    "grossProfit" : 0.35,
    "operatingProfitMargin" : 8.12,
    "operatingProfit" : 0.28,
    "netProfitMargin" : 6.09,
    "netProfit" : 0.21
  }, {
    "date" : "2025-03-31",
    "sales" : 5.37,
    "salesGrowthYoY" : -56.34,
    "grossProfitMargin" : 27.00,
    "grossProfit" : 1.45,
    "operatingProfitMargin" : 23.28,
    "operatingProfit" : 1.25,
    "netProfitMargin" : 16.76,
    "netProfit" : 0.90
  }, {
    "date" : "2025-06-30",
    "sales" : 0.00,
    "salesGrowthYoY" : -100.00,
    "grossProfitMargin" : 0.00,
    "grossProfit" : 0.00,
    "operatingProfitMargin" : 0.00,
    "operatingProfit" : 0.00,
    "netProfitMargin" : 0.00,
    "netProfit" : 0.00
  }, {
    "date" : "2025-09-30",
    "sales" : 5.30,
    "salesGrowthYoY" : 7471.43,
    "grossProfitMargin" : 34.91,
    "grossProfit" : 1.85,
    "operatingProfitMargin" : 29.81,
    "operatingProfit" : 1.58,
    "netProfitMargin" : 30.00,
    "netProfit" : 1.59
  } ],
  "latestQuarterlyResult" : {
    "date" : "2025-09-30",
    "sales" : 5.30,
    "salesGrowthYoY" : 7471.43,
    "grossProfitMargin" : 34.91,
    "grossProfit" : 1.85,
    "operatingProfitMargin" : 29.81,
    "operatingProfit" : 1.58,
    "netProfitMargin" : 30.00,
    "netProfit" : 1.59
  },
  "companyScore" : {
    "priceHigherThanDma50" : 5.00,
    "priceHigherThanDma100" : 5.00,
    "priceHigherThanDma200" : 5.00,
    "dma50HigherThanDma100" : 5.00,
    "dma50HigherThanDma200" : 5.00,
    "dma100HigherThanDma200" : 5.00,
    "pricePercentageAboveDma50" : 3.48,
    "pricePercentageAboveDma100" : 0.12,
    "pricePercentageAboveDma200" : 0.00,
    "weeklyVolumeHigherThanYearlyVolume" : 5.00,
    "salesGrowthPercentile" : 19.74,
    "operatingProfitMarginPercentile" : 18.83,
    "netProfitMarginPercentile" : 8.64,
    "totalTechnicalScore" : 38.60,
    "totalFundamentalScore" : 47.21,
    "totalScore" : 85.81
  }
}