{
  "metadata" : {
    "screenerCompanyId" : "799",
    "companyCode" : "PIRAMALFIN",
    "companyName" : "Piramal Finance.",
    "screenerCompanyLink" : "https://www.screener.in/company/PIRAMALFIN/consolidated/",
    "screenerTechnicalHistoryLink" : "https://www.screener.in/api/company/799/chart/?q=Price-DMA50-DMA200-Volume&days=365",
    "screenerQuarterlyResultsLink" : "https://www.screener.in/api/company/799/chart/?q=GPM-OPM-NPM-Quarter+Sales&days=10000",
    "attributes" : {
      "companyCode" : "PIRAMALFIN",
      "companyName" : "Piramal Finance.",
      "marketCap" : 39521.00,
      "peRatio" : 34.00,
      "description" : "Dewan Housing Finance Corporation's main business is of providing loans to Retail customers for construction or purchase of residential property, loans against property,"
    },
    "companyScore" : {
      "priceHigherThanDma50" : 5.00,
      "priceHigherThanDma100" : 0.00,
      "priceHigherThanDma200" : 5.00,
      "dma50HigherThanDma100" : 0.00,
      "dma50HigherThanDma200" : 5.00,
      "dma100HigherThanDma200" : 0.00,
      "pricePercentageAboveDma50" : 4.35,
      "pricePercentageAboveDma100" : 0.00,
      "pricePercentageAboveDma200" : 0.00,
      "weeklyVolumeHigherThanYearlyVolume" : 0.00,
      "salesGrowthPercentile" : 6.06,
      "operatingProfitMarginPercentile" : 19.41,
      "netProfitMarginPercentile" : 8.05,
      "totalTechnicalScore" : 19.35,
      "totalFundamentalScore" : 33.52,
      "totalScore" : 52.87
    }
  },
  "attributes" : {
    "companyCode" : "PIRAMALFIN",
    "companyName" : "Piramal Finance.",
    "marketCap" : 39521.00,
    "peRatio" : 34.00,
    "description" : "Dewan Housing Finance Corporation's main business is of providing loans to Retail customers for construction or purchase of residential property, loans against property,"
  },
  "technicalHistory" : [ {
    "date" : "2025-11-07",
    "price" : 1323.00,
    "dma50" : 68.50,
    "dma100" : null,
    "dma200" : 31.38,
    "volume" : 1379161.00
  }, {
    "date" : "2025-11-10",
    "price" : 1389.10,
    "dma50" : 120.29,
    "dma100" : null,
    "dma200" : 44.89,
    "volume" : 404677.00
  }, {
    "date" : "2025-11-11",
    "price" : 1456.10,
    "dma50" : 172.67,
    "dma100" : null,
    "dma200" : 58.93,
    "volume" : 1127027.00
  }, {
    "date" : "2025-11-12",
    "price" : 1433.20,
    "dma50" : 222.11,
    "dma100" : null,
    "dma200" : 72.60,
    "volume" : 567672.00
  }, {
    "date" : "2025-11-13",
    "price" : 1419.30,
    "dma50" : 269.06,
    "dma100" : null,
    "dma200" : 86.00,
    "volume" : 684354.00
  }, {
    "date" : "2025-11-14",
    "price" : 1490.20,
    "dma50" : 316.94,
    "dma100" : null,
    "dma200" : 99.98,
    "volume" : 513080.00
  }, {
    "date" : "2025-11-17",
    "price" : 1564.70,
    "dma50" : 365.88,
    "dma100" : null,
    "dma200" : 114.55,
    "volume" : 418655.00
  }, {
    "date" : "2025-11-18",
    "price" : 1642.90,
    "dma50" : 415.95,
    "dma100" : null,
    "dma200" : 129.76,
    "volume" : 872420.00
  }, {
    "date" : "2025-11-19",
    "price" : 1600.70,
    "dma50" : 462.42,
    "dma100" : null,
    "dma200" : 144.40,
    "volume" : 280451.00
  }, {
    "date" : "2025-11-20",
    "price" : 1676.30,
    "dma50" : 510.02,
    "dma100" : null,
    "dma200" : 159.64,
    "volume" : 541865.00
  }, {
    "date" : "2025-11-21",
    "price" : 1694.90,
    "dma50" : 556.48,
    "dma100" : null,
    "dma200" : 174.91,
    "volume" : 1469323.00
  }, {
    "date" : "2025-11-24",
    "price" : 1590.40,
    "dma50" : 597.03,
    "dma100" : null,
    "dma200" : 189.00,
    "volume" : 559991.00
  }, {
    "date" : "2025-11-25",
    "price" : 1619.30,
    "dma50" : 637.12,
    "dma100" : null,
    "dma200" : 203.23,
    "volume" : 633591.00
  }, {
    "date" : "2025-11-26",
    "price" : 1596.00,
    "dma50" : 674.72,
    "dma100" : null,
    "dma200" : 217.09,
    "volume" : 228560.00
  }, {
    "date" : "2025-11-27",
    "price" : 1573.00,
    "dma50" : 709.95,
    "dma100" : null,
    "dma200" : 230.58,
    "volume" : 269583.00
  }, {
    "date" : "2025-11-28",
    "price" : 1548.70,
    "dma50" : 742.84,
    "dma100" : null,
    "dma200" : 243.70,
    "volume" : 396180.00
  }, {
    "date" : "2025-12-01",
    "price" : 1555.00,
    "dma50" : 774.69,
    "dma100" : null,
    "dma200" : 256.74,
    "volume" : 247473.00
  }, {
    "date" : "2025-12-02",
    "price" : 1516.80,
    "dma50" : 803.79,
    "dma100" : null,
    "dma200" : 269.28,
    "volume" : 308281.00
  }, {
    "date" : "2025-12-03",
    "price" : 1512.90,
    "dma50" : 831.60,
    "dma100" : null,
    "dma200" : 281.66,
    "volume" : 308368.00
  }, {
    "date" : "2025-12-04",
    "price" : 1500.80,
    "dma50" : 857.84,
    "dma100" : null,
    "dma200" : 293.79,
    "volume" : 157296.00
  }, {
    "date" : "2025-12-05",
    "price" : 1484.60,
    "dma50" : 882.42,
    "dma100" : null,
    "dma200" : 305.64,
    "volume" : 440179.00
  }, {
    "date" : "2025-12-08",
    "price" : 1473.60,
    "dma50" : 905.61,
    "dma100" : null,
    "dma200" : 317.26,
    "volume" : 264231.00
  }, {
    "date" : "2025-12-09",
    "price" : 1506.40,
    "dma50" : 929.17,
    "dma100" : null,
    "dma200" : 329.09,
    "volume" : 340766.00
  }, {
    "date" : "2025-12-10",
    "price" : 1546.00,
    "dma50" : 953.36,
    "dma100" : null,
    "dma200" : 341.20,
    "volume" : 263754.00
  }, {
    "date" : "2025-12-11",
    "price" : 1550.20,
    "dma50" : 976.76,
    "dma100" : null,
    "dma200" : 353.23,
    "volume" : 131504.00
  }, {
    "date" : "2025-12-12",
    "price" : 1520.40,
    "dma50" : 998.08,
    "dma100" : null,
    "dma200" : 364.84,
    "volume" : 225611.00
  }, {
    "date" : "2025-12-15",
    "price" : 1520.80,
    "dma50" : 1018.58,
    "dma100" : null,
    "dma200" : 376.34,
    "volume" : 92906.00
  }, {
    "date" : "2025-12-16",
    "price" : 1523.50,
    "dma50" : 1038.38,
    "dma100" : null,
    "dma200" : 387.76,
    "volume" : 307172.00
  }, {
    "date" : "2025-12-17",
    "price" : 1514.90,
    "dma50" : 1057.07,
    "dma100" : null,
    "dma200" : 398.97,
    "volume" : 155656.00
  }, {
    "date" : "2025-12-18",
    "price" : 1537.20,
    "dma50" : 1075.90,
    "dma100" : null,
    "dma200" : 410.30,
    "volume" : 268864.00
  }, {
    "date" : "2025-12-19",
    "price" : 1601.80,
    "dma50" : 1096.52,
    "dma100" : null,
    "dma200" : 422.15,
    "volume" : 392563.00
  }, {
    "date" : "2025-12-22",
    "price" : 1607.90,
    "dma50" : 1116.57,
    "dma100" : null,
    "dma200" : 433.95,
    "volume" : 976751.00
  }, {
    "date" : "2025-12-23",
    "price" : 1617.00,
    "dma50" : 1136.20,
    "dma100" : null,
    "dma200" : 445.72,
    "volume" : 366252.00
  }, {
    "date" : "2025-12-24",
    "price" : 1629.10,
    "dma50" : 1155.53,
    "dma100" : null,
    "dma200" : 457.50,
    "volume" : 459987.00
  }, {
    "date" : "2025-12-26",
    "price" : 1631.60,
    "dma50" : 1174.20,
    "dma100" : null,
    "dma200" : 469.18,
    "volume" : 130180.00
  }, {
    "date" : "2025-12-29",
    "price" : 1608.30,
    "dma50" : 1191.22,
    "dma100" : null,
    "dma200" : 480.52,
    "volume" : 195991.00
  }, {
    "date" : "2025-12-30",
    "price" : 1610.30,
    "dma50" : 1207.66,
    "dma100" : null,
    "dma200" : 491.76,
    "volume" : 170201.00
  }, {
    "date" : "2025-12-31",
    "price" : 1643.00,
    "dma50" : 1224.73,
    "dma100" : null,
    "dma200" : 503.21,
    "volume" : 259872.00
  }, {
    "date" : "2026-01-01",
    "price" : 1645.00,
    "dma50" : 1241.21,
    "dma100" : null,
    "dma200" : 514.57,
    "volume" : 132668.00
  }, {
    "date" : "2026-01-02",
    "price" : 1712.50,
    "dma50" : 1259.69,
    "dma100" : null,
    "dma200" : 526.49,
    "volume" : 706518.00
  }, {
    "date" : "2026-01-05",
    "price" : 1770.60,
    "dma50" : 1279.73,
    "dma100" : null,
    "dma200" : 538.87,
    "volume" : 566254.00
  }, {
    "date" : "2026-01-06",
    "price" : 1811.30,
    "dma50" : 1300.57,
    "dma100" : null,
    "dma200" : 551.53,
    "volume" : 573287.00
  }, {
    "date" : "2026-01-07",
    "price" : 1850.20,
    "dma50" : 1322.13,
    "dma100" : null,
    "dma200" : 564.46,
    "volume" : 1238651.00
  }, {
    "date" : "2026-01-08",
    "price" : 1866.00,
    "dma50" : 1343.46,
    "dma100" : null,
    "dma200" : 577.41,
    "volume" : 1042202.00
  }, {
    "date" : "2026-01-09",
    "price" : 1868.20,
    "dma50" : 1364.03,
    "dma100" : null,
    "dma200" : 590.25,
    "volume" : 349975.00
  }, {
    "date" : "2026-01-12",
    "price" : 1846.70,
    "dma50" : 1382.96,
    "dma100" : null,
    "dma200" : 602.75,
    "volume" : 390400.00
  }, {
    "date" : "2026-01-13",
    "price" : 1847.70,
    "dma50" : 1401.19,
    "dma100" : null,
    "dma200" : 615.14,
    "volume" : 486246.00
  }, {
    "date" : "2026-01-14",
    "price" : 1829.30,
    "dma50" : 1417.98,
    "dma100" : null,
    "dma200" : 627.22,
    "volume" : 387893.00
  }, {
    "date" : "2026-01-16",
    "price" : 1901.00,
    "dma50" : 1436.92,
    "dma100" : null,
    "dma200" : 639.90,
    "volume" : 551669.00
  }, {
    "date" : "2026-01-19",
    "price" : 1837.80,
    "dma50" : 1452.64,
    "dma100" : null,
    "dma200" : 651.82,
    "volume" : 668731.00
  }, {
    "date" : "2026-01-20",
    "price" : 1806.20,
    "dma50" : 1466.50,
    "dma100" : null,
    "dma200" : 663.30,
    "volume" : 691675.00
  }, {
    "date" : "2026-01-21",
    "price" : 1814.10,
    "dma50" : 1480.13,
    "dma100" : null,
    "dma200" : 674.75,
    "volume" : 273686.00
  }, {
    "date" : "2026-01-22",
    "price" : 1822.10,
    "dma50" : 1493.55,
    "dma100" : null,
    "dma200" : 686.17,
    "volume" : 228605.00
  }, {
    "date" : "2026-01-23",
    "price" : 1793.90,
    "dma50" : 1505.32,
    "dma100" : null,
    "dma200" : 697.19,
    "volume" : 263518.00
  }, {
    "date" : "2026-01-27",
    "price" : 1793.90,
    "dma50" : 1516.64,
    "dma100" : null,
    "dma200" : 708.10,
    "volume" : 469537.00
  }, {
    "date" : "2026-01-28",
    "price" : 1789.00,
    "dma50" : 1527.32,
    "dma100" : null,
    "dma200" : 718.86,
    "volume" : 409946.00
  }, {
    "date" : "2026-01-29",
    "price" : 1750.30,
    "dma50" : 1536.07,
    "dma100" : null,
    "dma200" : 729.12,
    "volume" : 329915.00
  }, {
    "date" : "2026-01-30",
    "price" : 1743.50,
    "dma50" : 1544.20,
    "dma100" : null,
    "dma200" : 739.22,
    "volume" : 330672.00
  } ],
  "latestTechnicalAttributes" : {
    "date" : "2026-01-30",
    "price" : 1743.50,
    "dma50" : 1544.20,
    "dma100" : null,
    "dma200" : 739.22,
    "volume" : 330672.00
  },
  "quarterlyResults" : [ {
    "date" : "2005-03-31",
    "sales" : 46.47,
    "salesGrowthYoY" : null,
    "grossProfitMargin" : 100.00,
    "grossProfit" : 46.47,
    "operatingProfitMargin" : 89.58,
    "operatingProfit" : 41.63,
    "netProfitMargin" : 20.74,
    "netProfit" : 9.64
  }, {
    "date" : "2005-06-30",
    "sales" : 46.95,
    "salesGrowthYoY" : null,
    "grossProfitMargin" : 100.00,
    "grossProfit" : 46.95,
    "operatingProfitMargin" : 86.30,
    "operatingProfit" : 40.52,
    "netProfitMargin" : 16.78,
    "netProfit" : 7.88
  }, {
    "date" : "2005-09-30",
    "sales" : 53.88,
    "salesGrowthYoY" : null,
    "grossProfitMargin" : 100.00,
    "grossProfit" : 53.88,
    "operatingProfitMargin" : 84.67,
    "operatingProfit" : 45.62,
    "netProfitMargin" : 17.19,
    "netProfit" : 9.26
  }, {
    "date" : "2005-12-31",
    "sales" : 58.53,
    "salesGrowthYoY" : null,
    "grossProfitMargin" : 100.00,
    "grossProfit" : 58.53,
    "operatingProfitMargin" : 88.95,
    "operatingProfit" : 52.06,
    "netProfitMargin" : 15.94,
    "netProfit" : 9.33
  }, {
    "date" : "2006-03-31",
    "sales" : 67.02,
    "salesGrowthYoY" : 44.22,
    "grossProfitMargin" : 100.00,
    "grossProfit" : 67.02,
    "operatingProfitMargin" : 83.41,
    "operatingProfit" : 55.90,
    "netProfitMargin" : 16.50,
    "netProfit" : 11.06
  }, {
    "date" : "2006-06-30",
    "sales" : 65.26,
    "salesGrowthYoY" : 39.00,
    "grossProfitMargin" : 100.00,
    "grossProfit" : 65.26,
    "operatingProfitMargin" : 87.76,
    "operatingProfit" : 57.27,
    "netProfitMargin" : 15.22,
    "netProfit" : 9.93
  }, {
    "date" : "2006-09-30",
    "sales" : 75.98,
    "salesGrowthYoY" : 41.02,
    "grossProfitMargin" : 100.00,
    "grossProfit" : 75.98,
    "operatingProfitMargin" : 87.65,
    "operatingProfit" : 66.60,
    "netProfitMargin" : 15.04,
    "netProfit" : 11.43
  }, {
    "date" : "2006-12-31",
    "sales" : 88.62,
    "salesGrowthYoY" : 51.41,
    "grossProfitMargin" : 100.00,
    "grossProfit" : 88.62,
    "operatingProfitMargin" : 89.60,
    "operatingProfit" : 79.40,
    "netProfitMargin" : 15.26,
    "netProfit" : 13.52
  }, {
    "date" : "2007-03-31",
    "sales" : 101.28,
    "salesGrowthYoY" : 51.12,
    "grossProfitMargin" : 100.00,
    "grossProfit" : 101.28,
    "operatingProfitMargin" : 88.00,
    "operatingProfit" : 89.13,
    "netProfitMargin" : 13.35,
    "netProfit" : 13.52
  }, {
    "date" : "2007-06-30",
    "sales" : 108.03,
    "salesGrowthYoY" : 65.54,
    "grossProfitMargin" : 100.00,
    "grossProfit" : 108.03,
    "operatingProfitMargin" : 91.32,
    "operatingProfit" : 98.65,
    "netProfitMargin" : 13.12,
    "netProfit" : 14.17
  }, {
    "date" : "2007-09-30",
    "sales" : 124.64,
    "salesGrowthYoY" : 64.04,
    "grossProfitMargin" : 100.00,
    "grossProfit" : 124.64,
    "operatingProfitMargin" : 87.52,
    "operatingProfit" : 109.08,
    "netProfitMargin" : 12.97,
    "netProfit" : 16.17
  }, {
    "date" : "2007-12-31",
    "sales" : 140.45,
    "salesGrowthYoY" : 58.49,
    "grossProfitMargin" : 100.00,
    "grossProfit" : 140.45,
    "operatingProfitMargin" : 89.95,
    "operatingProfit" : 126.33,
    "netProfitMargin" : 16.24,
    "netProfit" : 22.81
  }, {
    "date" : "2008-03-31",
    "sales" : 147.41,
    "salesGrowthYoY" : 45.55,
    "grossProfitMargin" : 100.00,
    "grossProfit" : 147.41,
    "operatingProfitMargin" : 91.95,
    "operatingProfit" : 135.54,
    "netProfitMargin" : 19.97,
    "netProfit" : 29.44
  }, {
    "date" : "2008-06-30",
    "sales" : 141.66,
    "salesGrowthYoY" : 31.13,
    "grossProfitMargin" : 100.00,
    "grossProfit" : 141.66,
    "operatingProfitMargin" : 90.65,
    "operatingProfit" : 128.41,
    "netProfitMargin" : 13.86,
    "netProfit" : 19.63
  }, {
    "date" : "2008-09-30",
    "sales" : 160.31,
    "salesGrowthYoY" : 28.62,
    "grossProfitMargin" : 100.00,
    "grossProfit" : 160.31,
    "operatingProfitMargin" : 89.11,
    "operatingProfit" : 142.85,
    "netProfitMargin" : 13.77,
    "netProfit" : 22.07
  }, {
    "date" : "2008-12-31",
    "sales" : 182.66,
    "salesGrowthYoY" : 30.05,
    "grossProfitMargin" : 100.00,
    "grossProfit" : 182.66,
    "operatingProfitMargin" : 90.62,
    "operatingProfit" : 165.53,
    "netProfitMargin" : 12.71,
    "netProfit" : 23.22
  }, {
    "date" : "2009-03-31",
    "sales" : 205.89,
    "salesGrowthYoY" : 39.67,
    "grossProfitMargin" : 100.00,
    "grossProfit" : 205.89,
    "operatingProfitMargin" : 87.94,
    "operatingProfit" : 181.06,
    "netProfitMargin" : 12.20,
    "netProfit" : 25.12
  }, {
    "date" : "2009-06-30",
    "sales" : 213.45,
    "salesGrowthYoY" : 50.68,
    "grossProfitMargin" : 100.00,
    "grossProfit" : 213.45,
    "operatingProfitMargin" : 90.04,
    "operatingProfit" : 192.19,
    "netProfitMargin" : 14.65,
    "netProfit" : 31.27
  }, {
    "date" : "2009-09-30",
    "sales" : 245.53,
    "salesGrowthYoY" : 53.16,
    "grossProfitMargin" : 100.00,
    "grossProfit" : 245.53,
    "operatingProfitMargin" : 90.75,
    "operatingProfit" : 222.82,
    "netProfitMargin" : 15.28,
    "netProfit" : 37.52
  }, {
    "date" : "2009-12-31",
    "sales" : 260.32,
    "salesGrowthYoY" : 42.52,
    "grossProfitMargin" : 100.00,
    "grossProfit" : 260.32,
    "operatingProfitMargin" : 85.98,
    "operatingProfit" : 223.82,
    "netProfitMargin" : 15.43,
    "netProfit" : 40.17
  }, {
    "date" : "2010-03-31",
    "sales" : 271.25,
    "salesGrowthYoY" : 31.75,
    "grossProfitMargin" : 100.00,
    "grossProfit" : 271.25,
    "operatingProfitMargin" : 86.27,
    "operatingProfit" : 234.01,
    "netProfitMargin" : 15.39,
    "netProfit" : 41.75
  }, {
    "date" : "2010-06-30",
    "sales" : 298.36,
    "salesGrowthYoY" : 39.78,
    "grossProfitMargin" : 100.00,
    "grossProfit" : 298.36,
    "operatingProfitMargin" : 88.63,
    "operatingProfit" : 264.44,
    "netProfitMargin" : 17.17,
    "netProfit" : 51.23
  }, {
    "date" : "2010-09-30",
    "sales" : 330.25,
    "salesGrowthYoY" : 34.50,
    "grossProfitMargin" : 100.00,
    "grossProfit" : 330.25,
    "operatingProfitMargin" : 87.88,
    "operatingProfit" : 290.22,
    "netProfitMargin" : 19.42,
    "netProfit" : 64.13
  }, {
    "date" : "2010-12-31",
    "sales" : 386.21,
    "salesGrowthYoY" : 48.36,
    "grossProfitMargin" : 100.00,
    "grossProfit" : 386.21,
    "operatingProfitMargin" : 89.10,
    "operatingProfit" : 344.11,
    "netProfitMargin" : 15.99,
    "netProfit" : 61.75
  }, {
    "date" : "2011-03-31",
    "sales" : 434.54,
    "salesGrowthYoY" : 60.20,
    "grossProfitMargin" : 100.00,
    "grossProfit" : 434.54,
    "operatingProfitMargin" : 85.99,
    "operatingProfit" : 373.66,
    "netProfitMargin" : 13.50,
    "netProfit" : 58.66
  }, {
    "date" : "2011-06-30",
    "sales" : 497.20,
    "salesGrowthYoY" : 66.64,
    "grossProfitMargin" : 100.00,
    "grossProfit" : 497.20,
    "operatingProfitMargin" : 90.43,
    "operatingProfit" : 449.62,
    "netProfitMargin" : 13.23,
    "netProfit" : 65.78
  }, {
    "date" : "2011-09-30",
    "sales" : 588.56,
    "salesGrowthYoY" : 78.22,
    "grossProfitMargin" : 100.00,
    "grossProfit" : 588.56,
    "operatingProfitMargin" : 88.27,
    "operatingProfit" : 519.52,
    "netProfitMargin" : 12.21,
    "netProfit" : 71.86
  }, {
    "date" : "2011-12-31",
    "sales" : 661.52,
    "salesGrowthYoY" : 71.29,
    "grossProfitMargin" : 100.00,
    "grossProfit" : 661.52,
    "operatingProfitMargin" : 87.93,
    "operatingProfit" : 581.67,
    "netProfitMargin" : 11.33,
    "netProfit" : 74.95
  }, {
    "date" : "2012-03-31",
    "sales" : 720.48,
    "salesGrowthYoY" : 65.80,
    "grossProfitMargin" : 100.00,
    "grossProfit" : 720.48,
    "operatingProfitMargin" : 90.18,
    "operatingProfit" : 649.73,
    "netProfitMargin" : 13.03,
    "netProfit" : 93.88
  }, {
    "date" : "2012-06-30",
    "sales" : 738.54,
    "salesGrowthYoY" : 48.54,
    "grossProfitMargin" : 100.00,
    "grossProfit" : 738.54,
    "operatingProfitMargin" : 89.51,
    "operatingProfit" : 661.07,
    "netProfitMargin" : 10.54,
    "netProfit" : 77.84
  }, {
    "date" : "2012-09-30",
    "sales" : 816.64,
    "salesGrowthYoY" : 38.75,
    "grossProfitMargin" : 100.00,
    "grossProfit" : 816.64,
    "operatingProfitMargin" : 89.19,
    "operatingProfit" : 728.36,
    "netProfitMargin" : 10.51,
    "netProfit" : 85.83
  }, {
    "date" : "2012-12-31",
    "sales" : 840.18,
    "salesGrowthYoY" : 27.01,
    "grossProfitMargin" : 100.00,
    "grossProfit" : 840.18,
    "operatingProfitMargin" : 88.65,
    "operatingProfit" : 744.82,
    "netProfitMargin" : 10.86,
    "netProfit" : 91.24
  }, {
    "date" : "2013-03-31",
    "sales" : 1700.94,
    "salesGrowthYoY" : 136.08,
    "grossProfitMargin" : 100.00,
    "grossProfit" : 1700.94,
    "operatingProfitMargin" : 93.28,
    "operatingProfit" : 1586.64,
    "netProfitMargin" : 11.58,
    "netProfit" : 196.97
  }, {
    "date" : "2013-06-30",
    "sales" : 1106.98,
    "salesGrowthYoY" : 49.89,
    "grossProfitMargin" : 100.00,
    "grossProfit" : 1106.98,
    "operatingProfitMargin" : 90.24,
    "operatingProfit" : 998.94,
    "netProfitMargin" : 10.87,
    "netProfit" : 120.33
  }, {
    "date" : "2013-09-30",
    "sales" : 1143.48,
    "salesGrowthYoY" : 40.02,
    "grossProfitMargin" : 100.00,
    "grossProfit" : 1143.48,
    "operatingProfitMargin" : 92.11,
    "operatingProfit" : 1053.26,
    "netProfitMargin" : 11.29,
    "netProfit" : 129.10
  }, {
    "date" : "2013-12-31",
    "sales" : 1301.01,
    "salesGrowthYoY" : 54.85,
    "grossProfitMargin" : 100.00,
    "grossProfit" : 1301.01,
    "operatingProfitMargin" : 91.22,
    "operatingProfit" : 1186.78,
    "netProfitMargin" : 10.64,
    "netProfit" : 138.43
  }, {
    "date" : "2014-03-31",
    "sales" : 1416.17,
    "salesGrowthYoY" : -16.74,
    "grossProfitMargin" : 100.00,
    "grossProfit" : 1416.17,
    "operatingProfitMargin" : 90.92,
    "operatingProfit" : 1287.58,
    "netProfitMargin" : 9.97,
    "netProfit" : 141.19
  }, {
    "date" : "2014-06-30",
    "sales" : 1425.57,
    "salesGrowthYoY" : 28.78,
    "grossProfitMargin" : 100.00,
    "grossProfit" : 1425.57,
    "operatingProfitMargin" : 90.92,
    "operatingProfit" : 1296.13,
    "netProfitMargin" : 10.32,
    "netProfit" : 147.12
  }, {
    "date" : "2014-09-30",
    "sales" : 1447.93,
    "salesGrowthYoY" : 26.62,
    "grossProfitMargin" : 100.00,
    "grossProfit" : 1447.93,
    "operatingProfitMargin" : 90.94,
    "operatingProfit" : 1316.75,
    "netProfitMargin" : 10.51,
    "netProfit" : 152.18
  }, {
    "date" : "2014-12-31",
    "sales" : 1524.65,
    "salesGrowthYoY" : 17.19,
    "grossProfitMargin" : 100.00,
    "grossProfit" : 1524.65,
    "operatingProfitMargin" : 90.72,
    "operatingProfit" : 1383.16,
    "netProfitMargin" : 10.47,
    "netProfit" : 159.63
  }, {
    "date" : "2015-03-31",
    "sales" : 1580.81,
    "salesGrowthYoY" : 11.63,
    "grossProfitMargin" : 100.00,
    "grossProfit" : 1580.81,
    "operatingProfitMargin" : 90.43,
    "operatingProfit" : 1429.53,
    "netProfitMargin" : 10.27,
    "netProfit" : 162.35
  }, {
    "date" : "2015-06-30",
    "sales" : 1652.24,
    "salesGrowthYoY" : 15.90,
    "grossProfitMargin" : 100.00,
    "grossProfit" : 1652.24,
    "operatingProfitMargin" : 90.81,
    "operatingProfit" : 1500.40,
    "netProfitMargin" : 10.49,
    "netProfit" : 173.32
  }, {
    "date" : "2015-09-30",
    "sales" : 1810.73,
    "salesGrowthYoY" : 25.06,
    "grossProfitMargin" : 100.00,
    "grossProfit" : 1810.73,
    "operatingProfitMargin" : 90.61,
    "operatingProfit" : 1640.70,
    "netProfitMargin" : 9.96,
    "netProfit" : 180.35
  }, {
    "date" : "2015-12-31",
    "sales" : 1884.37,
    "salesGrowthYoY" : 23.59,
    "grossProfitMargin" : 100.00,
    "grossProfit" : 1884.37,
    "operatingProfitMargin" : 90.54,
    "operatingProfit" : 1706.11,
    "netProfitMargin" : 9.87,
    "netProfit" : 185.99
  }, {
    "date" : "2016-03-31",
    "sales" : 1957.94,
    "salesGrowthYoY" : 23.86,
    "grossProfitMargin" : 100.00,
    "grossProfit" : 1957.94,
    "operatingProfitMargin" : 90.12,
    "operatingProfit" : 1764.50,
    "netProfitMargin" : 9.69,
    "netProfit" : 189.72
  }, {
    "date" : "2016-06-30",
    "sales" : 1954.52,
    "salesGrowthYoY" : 18.30,
    "grossProfitMargin" : 100.00,
    "grossProfit" : 1954.52,
    "operatingProfitMargin" : 91.25,
    "operatingProfit" : 1783.50,
    "netProfitMargin" : 10.30,
    "netProfit" : 201.32
  }, {
    "date" : "2016-09-30",
    "sales" : 2160.31,
    "salesGrowthYoY" : 19.31,
    "grossProfitMargin" : 100.00,
    "grossProfit" : 2160.31,
    "operatingProfitMargin" : 92.05,
    "operatingProfit" : 1988.57,
    "netProfitMargin" : 10.77,
    "netProfit" : 232.67
  }, {
    "date" : "2016-12-31",
    "sales" : 2361.57,
    "salesGrowthYoY" : 25.32,
    "grossProfitMargin" : 100.00,
    "grossProfit" : 2361.57,
    "operatingProfitMargin" : 92.21,
    "operatingProfit" : 2177.60,
    "netProfitMargin" : 10.36,
    "netProfit" : 244.66
  }, {
    "date" : "2017-03-31",
    "sales" : 2375.36,
    "salesGrowthYoY" : 21.32,
    "grossProfitMargin" : 100.00,
    "grossProfit" : 2375.36,
    "operatingProfitMargin" : 89.42,
    "operatingProfit" : 2124.05,
    "netProfitMargin" : 14.95,
    "netProfit" : 355.12
  }, {
    "date" : "2017-06-30",
    "sales" : 2495.94,
    "salesGrowthYoY" : 27.70,
    "grossProfitMargin" : 100.00,
    "grossProfit" : 2495.94,
    "operatingProfitMargin" : 91.20,
    "operatingProfit" : 2276.30,
    "netProfitMargin" : 12.92,
    "netProfit" : 322.48
  }, {
    "date" : "2017-09-30",
    "sales" : 2627.85,
    "salesGrowthYoY" : 21.64,
    "grossProfitMargin" : 100.00,
    "grossProfit" : 2627.85,
    "operatingProfitMargin" : 89.28,
    "operatingProfit" : 2346.14,
    "netProfitMargin" : 10.95,
    "netProfit" : 287.75
  }, {
    "date" : "2017-12-31",
    "sales" : 2893.98,
    "salesGrowthYoY" : 22.54,
    "grossProfitMargin" : 100.00,
    "grossProfit" : 2893.98,
    "operatingProfitMargin" : 90.43,
    "operatingProfit" : 2617.03,
    "netProfitMargin" : 17.12,
    "netProfit" : 495.45
  }, {
    "date" : "2018-03-31",
    "sales" : 2839.77,
    "salesGrowthYoY" : 19.55,
    "grossProfitMargin" : 100.00,
    "grossProfit" : 2839.77,
    "operatingProfitMargin" : 77.36,
    "operatingProfit" : 2196.85,
    "netProfitMargin" : 4.73,
    "netProfit" : 134.32
  }, {
    "date" : "2018-06-30",
    "sales" : 3154.22,
    "salesGrowthYoY" : 26.37,
    "grossProfitMargin" : 100.00,
    "grossProfit" : 3154.22,
    "operatingProfitMargin" : 89.83,
    "operatingProfit" : 2833.44,
    "netProfitMargin" : 13.79,
    "netProfit" : 434.97
  }, {
    "date" : "2018-09-30",
    "sales" : 3483.32,
    "salesGrowthYoY" : 32.55,
    "grossProfitMargin" : 100.00,
    "grossProfit" : 3483.32,
    "operatingProfitMargin" : 88.46,
    "operatingProfit" : 3081.34,
    "netProfitMargin" : 12.60,
    "netProfit" : 438.90
  }, {
    "date" : "2018-12-31",
    "sales" : 3250.94,
    "salesGrowthYoY" : 12.33,
    "grossProfitMargin" : 100.00,
    "grossProfit" : 3250.94,
    "operatingProfitMargin" : 88.90,
    "operatingProfit" : 2890.09,
    "netProfitMargin" : 9.65,
    "netProfit" : 313.72
  }, {
    "date" : "2019-03-31",
    "sales" : 3107.63,
    "salesGrowthYoY" : 9.43,
    "grossProfitMargin" : 100.00,
    "grossProfit" : 3107.63,
    "operatingProfitMargin" : -17.52,
    "operatingProfit" : -544.46,
    "netProfitMargin" : -71.55,
    "netProfit" : -2223.51
  }, {
    "date" : "2019-06-30",
    "sales" : 2396.07,
    "salesGrowthYoY" : -24.04,
    "grossProfitMargin" : 100.00,
    "grossProfit" : 2396.07,
    "operatingProfitMargin" : 82.34,
    "operatingProfit" : 1972.92,
    "netProfitMargin" : -8.62,
    "netProfit" : -206.54
  }, {
    "date" : "2019-09-30",
    "sales" : 2106.74,
    "salesGrowthYoY" : -39.52,
    "grossProfitMargin" : 100.00,
    "grossProfit" : 2106.74,
    "operatingProfitMargin" : -264.46,
    "operatingProfit" : -5571.48,
    "netProfitMargin" : -318.28,
    "netProfit" : -6705.33
  }, {
    "date" : "2019-12-31",
    "sales" : 2431.83,
    "salesGrowthYoY" : -25.20,
    "grossProfitMargin" : 100.00,
    "grossProfit" : 2431.83,
    "operatingProfitMargin" : 51.93,
    "operatingProfit" : 1262.85,
    "netProfitMargin" : 38.42,
    "netProfit" : 934.31
  }, {
    "date" : "2020-03-31",
    "sales" : 2387.58,
    "salesGrowthYoY" : -23.17,
    "grossProfitMargin" : 100.00,
    "grossProfit" : 2387.58,
    "operatingProfitMargin" : -424.21,
    "operatingProfit" : -10128.35,
    "netProfitMargin" : -319.78,
    "netProfit" : -7635.00
  }, {
    "date" : "2020-06-30",
    "sales" : 2324.73,
    "salesGrowthYoY" : -2.98,
    "grossProfitMargin" : 100.00,
    "grossProfit" : 2324.73,
    "operatingProfitMargin" : 7.17,
    "operatingProfit" : 166.68,
    "netProfitMargin" : 3.02,
    "netProfit" : 70.21
  }, {
    "date" : "2020-09-30",
    "sales" : 2204.81,
    "salesGrowthYoY" : 4.66,
    "grossProfitMargin" : 100.00,
    "grossProfit" : 2204.81,
    "operatingProfitMargin" : -122.03,
    "operatingProfit" : -2690.53,
    "netProfitMargin" : -96.27,
    "netProfit" : -2122.57
  }, {
    "date" : "2020-12-31",
    "sales" : 2206.58,
    "salesGrowthYoY" : -9.26,
    "grossProfitMargin" : 100.00,
    "grossProfit" : 2206.58,
    "operatingProfitMargin" : -797.87,
    "operatingProfit" : -17605.64,
    "netProfitMargin" : -593.47,
    "netProfit" : -13095.39
  }, {
    "date" : "2021-03-31",
    "sales" : 1100.68,
    "salesGrowthYoY" : -53.90,
    "grossProfitMargin" : 100.00,
    "grossProfit" : 1100.68,
    "operatingProfitMargin" : 69.86,
    "operatingProfit" : 768.94,
    "netProfitMargin" : -2.74,
    "netProfit" : -30.16
  }, {
    "date" : "2021-06-30",
    "sales" : 2000.69,
    "salesGrowthYoY" : -13.94,
    "grossProfitMargin" : 100.00,
    "grossProfit" : 2000.69,
    "operatingProfitMargin" : 25.68,
    "operatingProfit" : 513.78,
    "netProfitMargin" : 15.72,
    "netProfit" : 314.51
  }, {
    "date" : "2021-12-31",
    "sales" : 1819.38,
    "salesGrowthYoY" : -17.48,
    "grossProfitMargin" : 100.00,
    "grossProfit" : 1819.38,
    "operatingProfitMargin" : 80.08,
    "operatingProfit" : 1456.96,
    "netProfitMargin" : 19.50,
    "netProfit" : 354.78
  }, {
    "date" : "2022-03-31",
    "sales" : 1938.33,
    "salesGrowthYoY" : -12.16,
    "grossProfitMargin" : 100.00,
    "grossProfit" : 1938.33,
    "operatingProfitMargin" : 36.35,
    "operatingProfit" : 704.58,
    "netProfitMargin" : -9.89,
    "netProfit" : -191.70
  }, {
    "date" : "2022-06-30",
    "sales" : 1720.04,
    "salesGrowthYoY" : 56.27,
    "grossProfitMargin" : 100.00,
    "grossProfit" : 1720.04,
    "operatingProfitMargin" : 79.79,
    "operatingProfit" : 1372.42,
    "netProfitMargin" : 20.82,
    "netProfit" : 358.11
  }, {
    "date" : "2022-09-30",
    "sales" : 1494.49,
    "salesGrowthYoY" : -25.30,
    "grossProfitMargin" : 100.00,
    "grossProfit" : 1494.49,
    "operatingProfitMargin" : -86.48,
    "operatingProfit" : -1292.43,
    "netProfitMargin" : -108.94,
    "netProfit" : -1628.10
  }, {
    "date" : "2022-12-31",
    "sales" : 1750.55,
    "salesGrowthYoY" : -3.78,
    "grossProfitMargin" : 100.00,
    "grossProfit" : 1750.55,
    "operatingProfitMargin" : 10.02,
    "operatingProfit" : 175.41,
    "netProfitMargin" : 160.70,
    "netProfit" : 2813.13
  }, {
    "date" : "2023-03-31",
    "sales" : 1626.70,
    "salesGrowthYoY" : -16.08,
    "grossProfitMargin" : 100.00,
    "grossProfit" : 1626.70,
    "operatingProfitMargin" : 42.12,
    "operatingProfit" : 685.17,
    "netProfitMargin" : 79.23,
    "netProfit" : 1288.83
  }, {
    "date" : "2023-06-30",
    "sales" : 1648.22,
    "salesGrowthYoY" : -4.18,
    "grossProfitMargin" : 100.00,
    "grossProfit" : 1648.22,
    "operatingProfitMargin" : 56.54,
    "operatingProfit" : 931.90,
    "netProfitMargin" : 2.99,
    "netProfit" : 49.28
  }, {
    "date" : "2023-09-30",
    "sales" : 1735.56,
    "salesGrowthYoY" : 16.13,
    "grossProfitMargin" : 100.00,
    "grossProfit" : 1735.56,
    "operatingProfitMargin" : 57.35,
    "operatingProfit" : 995.34,
    "netProfitMargin" : 2.95,
    "netProfit" : 51.20
  }, {
    "date" : "2023-12-31",
    "sales" : 1679.03,
    "salesGrowthYoY" : -4.09,
    "grossProfitMargin" : 100.00,
    "grossProfit" : 1679.03,
    "operatingProfitMargin" : 57.65,
    "operatingProfit" : 967.96,
    "netProfitMargin" : 35.32,
    "netProfit" : 593.03
  }, {
    "date" : "2024-03-31",
    "sales" : 1706.06,
    "salesGrowthYoY" : 4.88,
    "grossProfitMargin" : 100.00,
    "grossProfit" : 1706.06,
    "operatingProfitMargin" : -61.66,
    "operatingProfit" : -1051.96,
    "netProfitMargin" : -55.52,
    "netProfit" : -947.20
  }, {
    "date" : "2024-06-30",
    "sales" : 1654.12,
    "salesGrowthYoY" : 0.36,
    "grossProfitMargin" : 100.00,
    "grossProfit" : 1654.12,
    "operatingProfitMargin" : 59.05,
    "operatingProfit" : 976.76,
    "netProfitMargin" : -3.33,
    "netProfit" : -55.08
  }, {
    "date" : "2024-09-30",
    "sales" : 2354.26,
    "salesGrowthYoY" : 35.65,
    "grossProfitMargin" : 100.00,
    "grossProfit" : 2354.26,
    "operatingProfitMargin" : 61.59,
    "operatingProfit" : 1449.99,
    "netProfitMargin" : 7.28,
    "netProfit" : 171.39
  }, {
    "date" : "2024-12-31",
    "sales" : 2809.52,
    "salesGrowthYoY" : 67.33,
    "grossProfitMargin" : 100.00,
    "grossProfit" : 2809.52,
    "operatingProfitMargin" : 52.16,
    "operatingProfit" : 1465.45,
    "netProfitMargin" : 2.46,
    "netProfit" : 69.11
  }, {
    "date" : "2025-03-31",
    "sales" : 2377.67,
    "salesGrowthYoY" : 39.37,
    "grossProfitMargin" : 100.00,
    "grossProfit" : 2377.67,
    "operatingProfitMargin" : 50.34,
    "operatingProfit" : 1196.92,
    "netProfitMargin" : 3.43,
    "netProfit" : 81.55
  }, {
    "date" : "2025-06-30",
    "sales" : 2658.04,
    "salesGrowthYoY" : 60.69,
    "grossProfitMargin" : 100.00,
    "grossProfit" : 2658.04,
    "operatingProfitMargin" : 66.09,
    "operatingProfit" : 1756.70,
    "netProfitMargin" : 9.90,
    "netProfit" : 263.15
  }, {
    "date" : "2025-09-30",
    "sales" : 2842.63,
    "salesGrowthYoY" : 20.74,
    "grossProfitMargin" : 100.00,
    "grossProfit" : 2842.63,
    "operatingProfitMargin" : 68.25,
    "operatingProfit" : 1940.09,
    "netProfitMargin" : 12.62,
    "netProfit" : 358.74
  }, {
    "date" : "2025-12-31",
    "sales" : 2913.03,
    "salesGrowthYoY" : 3.68,
    "grossProfitMargin" : 100.00,
    "grossProfit" : 2913.03,
    "operatingProfitMargin" : 66.93,
    "operatingProfit" : 1949.69,
    "netProfitMargin" : 13.59,
    "netProfit" : 395.88
  } ],
  "latestQuarterlyResult" : {
    "date" : "2025-12-31",
    "sales" : 2913.03,
    "salesGrowthYoY" : 3.68,
    "grossProfitMargin" : 100.00,
    "grossProfit" : 2913.03,
    "operatingProfitMargin" : 66.93,
    "operatingProfit" : 1949.69,
    "netProfitMargin" : 13.59,
    "netProfit" : 395.88
  },
  "companyScore" : {
    "priceHigherThanDma50" : 5.00,
    "priceHigherThanDma100" : 0.00,
    "priceHigherThanDma200" : 5.00,
    "dma50HigherThanDma100" : 0.00,
    "dma50HigherThanDma200" : 5.00,
    "dma100HigherThanDma200" : 0.00,
    "pricePercentageAboveDma50" : 4.35,
    "pricePercentageAboveDma100" : 0.00,
    "pricePercentageAboveDma200" : 0.00,
    "weeklyVolumeHigherThanYearlyVolume" : 0.00,
    "salesGrowthPercentile" : 6.06,
    "operatingProfitMarginPercentile" : 19.41,
    "netProfitMarginPercentile" : 8.05,
    "totalTechnicalScore" : 19.35,
    "totalFundamentalScore" : 33.52,
    "totalScore" : 52.87
  }
}